%YAML 1.1
%TAG !u! tag:unity3d.com,2011:
--- !u!1 &351625751801038179
GameObject:
  m_ObjectHideFlags: 0
  m_CorrespondingSourceObject: {fileID: 0}
  m_PrefabInstance: {fileID: 0}
  m_PrefabAsset: {fileID: 0}
  serializedVersion: 6
  m_Component:
  - component: {fileID: 2043476249955865189}
  - component: {fileID: 2068004059920914516}
  m_Layer: 0
  m_Name: suelo 2 (2)
  m_TagString: Untagged
  m_Icon: {fileID: 0}
  m_NavMeshLayer: 0
  m_StaticEditorFlags: 0
  m_IsActive: 1
--- !u!4 &2043476249955865189
Transform:
  m_ObjectHideFlags: 0
  m_CorrespondingSourceObject: {fileID: 0}
  m_PrefabInstance: {fileID: 0}
  m_PrefabAsset: {fileID: 0}
  m_GameObject: {fileID: 351625751801038179}
  m_LocalRotation: {x: -0, y: -0, z: -0, w: 1}
  m_LocalPosition: {x: 9.94, y: -4.85, z: 3.14}
  m_LocalScale: {x: 1.1525786, y: 1.1902329, z: 1}
  m_Children: []
  m_Father: {fileID: 508250469282118116}
  m_RootOrder: 12
  m_LocalEulerAnglesHint: {x: 0, y: 0, z: 0}
--- !u!212 &2068004059920914516
SpriteRenderer:
  m_ObjectHideFlags: 0
  m_CorrespondingSourceObject: {fileID: 0}
  m_PrefabInstance: {fileID: 0}
  m_PrefabAsset: {fileID: 0}
  m_GameObject: {fileID: 351625751801038179}
  m_Enabled: 1
  m_CastShadows: 0
  m_ReceiveShadows: 0
  m_DynamicOccludee: 1
  m_MotionVectors: 1
  m_LightProbeUsage: 1
  m_ReflectionProbeUsage: 1
  m_RayTracingMode: 0
  m_RenderingLayerMask: 1
  m_RendererPriority: 0
  m_Materials:
  - {fileID: 10754, guid: 0000000000000000f000000000000000, type: 0}
  m_StaticBatchInfo:
    firstSubMesh: 0
    subMeshCount: 0
  m_StaticBatchRoot: {fileID: 0}
  m_ProbeAnchor: {fileID: 0}
  m_LightProbeVolumeOverride: {fileID: 0}
  m_ScaleInLightmap: 1
  m_ReceiveGI: 1
  m_PreserveUVs: 0
  m_IgnoreNormalsForChartDetection: 0
  m_ImportantGI: 0
  m_StitchLightmapSeams: 1
  m_SelectedEditorRenderState: 0
  m_MinimumChartSize: 4
  m_AutoUVMaxDistance: 0.5
  m_AutoUVMaxAngle: 89
  m_LightmapParameters: {fileID: 0}
  m_SortingLayerID: 0
  m_SortingLayer: 0
  m_SortingOrder: 0
  m_Sprite: {fileID: 21300000, guid: ce0c578d5eff4ef4baa9ba5ac2811bfd, type: 3}
  m_Color: {r: 0.5377358, g: 0.5377358, b: 0.5377358, a: 1}
  m_FlipX: 0
  m_FlipY: 0
  m_DrawMode: 0
  m_Size: {x: 8.42, y: 5.96}
  m_AdaptiveModeThreshold: 0.5
  m_SpriteTileMode: 0
  m_WasSpriteAssigned: 1
  m_MaskInteraction: 0
  m_SpriteSortPoint: 0
--- !u!1 &508250468354399280
GameObject:
  m_ObjectHideFlags: 0
  m_CorrespondingSourceObject: {fileID: 0}
  m_PrefabInstance: {fileID: 0}
  m_PrefabAsset: {fileID: 0}
  serializedVersion: 6
  m_Component:
  - component: {fileID: 508250468354399293}
  - component: {fileID: 508250468354399294}
  - component: {fileID: 508250468354399295}
  m_Layer: 0
  m_Name: plataforma
  m_TagString: Untagged
  m_Icon: {fileID: 0}
  m_NavMeshLayer: 0
  m_StaticEditorFlags: 0
  m_IsActive: 1
--- !u!4 &508250468354399293
Transform:
  m_ObjectHideFlags: 0
  m_CorrespondingSourceObject: {fileID: 0}
  m_PrefabInstance: {fileID: 0}
  m_PrefabAsset: {fileID: 0}
  m_GameObject: {fileID: 508250468354399280}
  m_LocalRotation: {x: -0, y: -0, z: -0, w: 1}
  m_LocalPosition: {x: 2.9888146, y: -6.563377, z: 4.5528703}
  m_LocalScale: {x: 33, y: 1.9300249, z: 1}
  m_Children: []
  m_Father: {fileID: 508250469282118116}
  m_RootOrder: 0
  m_LocalEulerAnglesHint: {x: 0, y: 0, z: 0}
--- !u!212 &508250468354399294
SpriteRenderer:
  m_ObjectHideFlags: 0
  m_CorrespondingSourceObject: {fileID: 0}
  m_PrefabInstance: {fileID: 0}
  m_PrefabAsset: {fileID: 0}
  m_GameObject: {fileID: 508250468354399280}
  m_Enabled: 1
  m_CastShadows: 0
  m_ReceiveShadows: 0
  m_DynamicOccludee: 1
  m_MotionVectors: 1
  m_LightProbeUsage: 1
  m_ReflectionProbeUsage: 1
  m_RayTracingMode: 0
  m_RenderingLayerMask: 1
  m_RendererPriority: 0
  m_Materials:
  - {fileID: 10754, guid: 0000000000000000f000000000000000, type: 0}
  m_StaticBatchInfo:
    firstSubMesh: 0
    subMeshCount: 0
  m_StaticBatchRoot: {fileID: 0}
  m_ProbeAnchor: {fileID: 0}
  m_LightProbeVolumeOverride: {fileID: 0}
  m_ScaleInLightmap: 1
  m_ReceiveGI: 1
  m_PreserveUVs: 0
  m_IgnoreNormalsForChartDetection: 0
  m_ImportantGI: 0
  m_StitchLightmapSeams: 1
  m_SelectedEditorRenderState: 0
  m_MinimumChartSize: 4
  m_AutoUVMaxDistance: 0.5
  m_AutoUVMaxAngle: 89
  m_LightmapParameters: {fileID: 0}
  m_SortingLayerID: 0
  m_SortingLayer: 0
  m_SortingOrder: 0
  m_Sprite: {fileID: 21300000, guid: 6645f0a504d4ba1489aaceaff633bd96, type: 3}
  m_Color: {r: 1, g: 1, b: 1, a: 1}
  m_FlipX: 0
  m_FlipY: 0
  m_DrawMode: 0
  m_Size: {x: 1, y: 1}
  m_AdaptiveModeThreshold: 0.5
  m_SpriteTileMode: 0
  m_WasSpriteAssigned: 1
  m_MaskInteraction: 0
  m_SpriteSortPoint: 0
--- !u!61 &508250468354399295
BoxCollider2D:
  m_ObjectHideFlags: 0
  m_CorrespondingSourceObject: {fileID: 0}
  m_PrefabInstance: {fileID: 0}
  m_PrefabAsset: {fileID: 0}
  m_GameObject: {fileID: 508250468354399280}
  m_Enabled: 1
  m_Density: 1
  m_Material: {fileID: 6200000, guid: e5b8d397bbae71b48a1643ee0a3ae4af, type: 2}
  m_IsTrigger: 0
  m_UsedByEffector: 0
  m_UsedByComposite: 1
  m_Offset: {x: 0, y: 0}
  m_SpriteTilingProperty:
    border: {x: 0, y: 0, z: 0, w: 0}
    pivot: {x: 0.5, y: 0.5}
    oldSize: {x: 1, y: 1}
    newSize: {x: 1, y: 1}
    adaptiveTilingThreshold: 0.5
    drawMode: 0
    adaptiveTiling: 0
  m_AutoTiling: 0
  serializedVersion: 2
  m_Size: {x: 1, y: 1}
  m_EdgeRadius: 0
--- !u!1 &508250469282118118
GameObject:
  m_ObjectHideFlags: 0
  m_CorrespondingSourceObject: {fileID: 0}
  m_PrefabInstance: {fileID: 0}
  m_PrefabAsset: {fileID: 0}
  serializedVersion: 6
  m_Component:
  - component: {fileID: 508250469282118116}
  - component: {fileID: 508250469282118117}
  m_Layer: 0
  m_Name: Bloque 17
  m_TagString: Untagged
  m_Icon: {fileID: 0}
  m_NavMeshLayer: 0
  m_StaticEditorFlags: 0
  m_IsActive: 1
--- !u!4 &508250469282118116
Transform:
  m_ObjectHideFlags: 0
  m_CorrespondingSourceObject: {fileID: 0}
  m_PrefabInstance: {fileID: 0}
  m_PrefabAsset: {fileID: 0}
  m_GameObject: {fileID: 508250469282118118}
  m_LocalRotation: {x: 0, y: 0, z: 0, w: 1}
  m_LocalPosition: {x: -0.9288146, y: 2.488377, z: -4.5528703}
  m_LocalScale: {x: 1, y: 1, z: 1}
  m_Children:
  - {fileID: 508250468354399293}
  - {fileID: 1189533930895026380}
  - {fileID: 1466832606072340171}
  - {fileID: 419254995431980022}
  - {fileID: 8694616200972644641}
  - {fileID: 4871609778445965196}
  - {fileID: 6877204658171919849}
  - {fileID: 2399672586593939820}
  - {fileID: 2658284026444993906}
  - {fileID: 6347283408221507508}
  - {fileID: 7393736147220039189}
  - {fileID: 8746864603272249183}
  - {fileID: 2043476249955865189}
  - {fileID: 4776415851950499447}
  - {fileID: 7433921639695219295}
  - {fileID: 3184266607201591096}
  - {fileID: 2426781834512435941}
  - {fileID: 5643968537816688390}
  - {fileID: 7936469186332300357}
  - {fileID: 6986643846312828423}
  - {fileID: 1075226816820799794}
  - {fileID: 7957889480516715328}
  - {fileID: 4675183463931784155}
  - {fileID: 7628397848650745866}
  - {fileID: 2950261390435874004}
  - {fileID: 8817159140563793801}
  - {fileID: 2010491557460508941}
  - {fileID: 9012103859062303669}
  - {fileID: 4896837873440007743}
  - {fileID: 769929784731314578}
  - {fileID: 9209015155249569455}
  - {fileID: 3931784282857573202}
  - {fileID: 3139128521207919514}
  - {fileID: 5928760973824590995}
  - {fileID: 2608296426666527440}
  - {fileID: 6054736730152928632}
  - {fileID: 2654595505732851332}
  - {fileID: 1924711057986301785}
  - {fileID: 6682350795413308672}
  - {fileID: 2214578610021537993}
  m_Father: {fileID: 0}
  m_RootOrder: 0
  m_LocalEulerAnglesHint: {x: 0, y: 0, z: 0}
--- !u!114 &508250469282118117
MonoBehaviour:
  m_ObjectHideFlags: 0
  m_CorrespondingSourceObject: {fileID: 0}
  m_PrefabInstance: {fileID: 0}
  m_PrefabAsset: {fileID: 0}
  m_GameObject: {fileID: 508250469282118118}
  m_Enabled: 1
  m_EditorHideFlags: 0
  m_Script: {fileID: 11500000, guid: 73188fd486b84ed489e24be20bb8bde4, type: 3}
  m_Name: 
  m_EditorClassIdentifier: 
  "tama\xF1o": 33
--- !u!1 &679358193414288576
GameObject:
  m_ObjectHideFlags: 0
  m_CorrespondingSourceObject: {fileID: 0}
  m_PrefabInstance: {fileID: 0}
  m_PrefabAsset: {fileID: 0}
  serializedVersion: 6
  m_Component:
  - component: {fileID: 8746864603272249183}
  - component: {fileID: 7888052572772652255}
  m_Layer: 0
  m_Name: suelo 2 (1)
  m_TagString: Untagged
  m_Icon: {fileID: 0}
  m_NavMeshLayer: 0
  m_StaticEditorFlags: 0
  m_IsActive: 1
--- !u!4 &8746864603272249183
Transform:
  m_ObjectHideFlags: 0
  m_CorrespondingSourceObject: {fileID: 0}
  m_PrefabInstance: {fileID: 0}
  m_PrefabAsset: {fileID: 0}
  m_GameObject: {fileID: 679358193414288576}
  m_LocalRotation: {x: -0, y: -0, z: -0, w: 1}
  m_LocalPosition: {x: 0.52, y: -4.85, z: 3.14}
  m_LocalScale: {x: 1.1525786, y: 1.1902329, z: 1}
  m_Children: []
  m_Father: {fileID: 508250469282118116}
  m_RootOrder: 11
  m_LocalEulerAnglesHint: {x: 0, y: 0, z: 0}
--- !u!212 &7888052572772652255
SpriteRenderer:
  m_ObjectHideFlags: 0
  m_CorrespondingSourceObject: {fileID: 0}
  m_PrefabInstance: {fileID: 0}
  m_PrefabAsset: {fileID: 0}
  m_GameObject: {fileID: 679358193414288576}
  m_Enabled: 1
  m_CastShadows: 0
  m_ReceiveShadows: 0
  m_DynamicOccludee: 1
  m_MotionVectors: 1
  m_LightProbeUsage: 1
  m_ReflectionProbeUsage: 1
  m_RayTracingMode: 0
  m_RenderingLayerMask: 1
  m_RendererPriority: 0
  m_Materials:
  - {fileID: 10754, guid: 0000000000000000f000000000000000, type: 0}
  m_StaticBatchInfo:
    firstSubMesh: 0
    subMeshCount: 0
  m_StaticBatchRoot: {fileID: 0}
  m_ProbeAnchor: {fileID: 0}
  m_LightProbeVolumeOverride: {fileID: 0}
  m_ScaleInLightmap: 1
  m_ReceiveGI: 1
  m_PreserveUVs: 0
  m_IgnoreNormalsForChartDetection: 0
  m_ImportantGI: 0
  m_StitchLightmapSeams: 1
  m_SelectedEditorRenderState: 0
  m_MinimumChartSize: 4
  m_AutoUVMaxDistance: 0.5
  m_AutoUVMaxAngle: 89
  m_LightmapParameters: {fileID: 0}
  m_SortingLayerID: 0
  m_SortingLayer: 0
  m_SortingOrder: 0
  m_Sprite: {fileID: 21300000, guid: ce0c578d5eff4ef4baa9ba5ac2811bfd, type: 3}
  m_Color: {r: 0.5377358, g: 0.5377358, b: 0.5377358, a: 1}
  m_FlipX: 0
  m_FlipY: 0
  m_DrawMode: 0
  m_Size: {x: 8.42, y: 5.96}
  m_AdaptiveModeThreshold: 0.5
  m_SpriteTileMode: 0
  m_WasSpriteAssigned: 1
  m_MaskInteraction: 0
  m_SpriteSortPoint: 0
--- !u!1 &868521961767530548
GameObject:
  m_ObjectHideFlags: 0
  m_CorrespondingSourceObject: {fileID: 0}
  m_PrefabInstance: {fileID: 0}
  m_PrefabAsset: {fileID: 0}
  serializedVersion: 6
  m_Component:
  - component: {fileID: 7957889480516715328}
  m_Layer: 0
  m_Name: direccion1 (1)
  m_TagString: Untagged
  m_Icon: {fileID: 419385456094870383, guid: 0000000000000000d000000000000000, type: 0}
  m_NavMeshLayer: 0
  m_StaticEditorFlags: 0
  m_IsActive: 1
--- !u!4 &7957889480516715328
Transform:
  m_ObjectHideFlags: 0
  m_CorrespondingSourceObject: {fileID: 0}
  m_PrefabInstance: {fileID: 0}
  m_PrefabAsset: {fileID: 0}
  m_GameObject: {fileID: 868521961767530548}
  m_LocalRotation: {x: -0, y: -0, z: -0, w: 1}
  m_LocalPosition: {x: 18.05, y: -2.0889046, z: 7.2900004}
  m_LocalScale: {x: 1, y: 1, z: 1}
  m_Children: []
  m_Father: {fileID: 508250469282118116}
  m_RootOrder: 21
  m_LocalEulerAnglesHint: {x: 0, y: 0, z: 0}
--- !u!1 &1387291922590201131
GameObject:
  m_ObjectHideFlags: 0
  m_CorrespondingSourceObject: {fileID: 0}
  m_PrefabInstance: {fileID: 0}
  m_PrefabAsset: {fileID: 0}
  serializedVersion: 6
  m_Component:
  - component: {fileID: 6986643846312828423}
  - component: {fileID: 2397854310145991268}
  - component: {fileID: 2810656784485388981}
  - component: {fileID: 8517473545927129170}
  m_Layer: 0
  m_Name: GatoMalo4_0
  m_TagString: Untagged
  m_Icon: {fileID: 0}
  m_NavMeshLayer: 0
  m_StaticEditorFlags: 0
  m_IsActive: 1
--- !u!4 &6986643846312828423
Transform:
  m_ObjectHideFlags: 0
  m_CorrespondingSourceObject: {fileID: 0}
  m_PrefabInstance: {fileID: 0}
  m_PrefabAsset: {fileID: 0}
  m_GameObject: {fileID: 1387291922590201131}
  m_LocalRotation: {x: -0, y: -0, z: -0, w: 1}
  m_LocalPosition: {x: 15.65, y: -1.35, z: 5.82}
  m_LocalScale: {x: 7.643376, y: 5.3984976, z: 1}
  m_Children: []
  m_Father: {fileID: 508250469282118116}
  m_RootOrder: 19
  m_LocalEulerAnglesHint: {x: 0, y: 0, z: 0}
--- !u!212 &2397854310145991268
SpriteRenderer:
  m_ObjectHideFlags: 0
  m_CorrespondingSourceObject: {fileID: 0}
  m_PrefabInstance: {fileID: 0}
  m_PrefabAsset: {fileID: 0}
  m_GameObject: {fileID: 1387291922590201131}
  m_Enabled: 1
  m_CastShadows: 0
  m_ReceiveShadows: 0
  m_DynamicOccludee: 1
  m_MotionVectors: 1
  m_LightProbeUsage: 1
  m_ReflectionProbeUsage: 1
  m_RayTracingMode: 0
  m_RenderingLayerMask: 1
  m_RendererPriority: 0
  m_Materials:
  - {fileID: 10754, guid: 0000000000000000f000000000000000, type: 0}
  m_StaticBatchInfo:
    firstSubMesh: 0
    subMeshCount: 0
  m_StaticBatchRoot: {fileID: 0}
  m_ProbeAnchor: {fileID: 0}
  m_LightProbeVolumeOverride: {fileID: 0}
  m_ScaleInLightmap: 1
  m_ReceiveGI: 1
  m_PreserveUVs: 0
  m_IgnoreNormalsForChartDetection: 0
  m_ImportantGI: 0
  m_StitchLightmapSeams: 1
  m_SelectedEditorRenderState: 0
  m_MinimumChartSize: 4
  m_AutoUVMaxDistance: 0.5
  m_AutoUVMaxAngle: 89
  m_LightmapParameters: {fileID: 0}
  m_SortingLayerID: 0
  m_SortingLayer: 0
  m_SortingOrder: 0
  m_Sprite: {fileID: 4258088488484840662, guid: e652a4e357a57cd43b91f7f85fd39f84,
    type: 3}
  m_Color: {r: 0.5471698, g: 0.5471698, b: 0.5471698, a: 1}
  m_FlipX: 0
  m_FlipY: 0
  m_DrawMode: 0
  m_Size: {x: 0.99, y: 1.63}
  m_AdaptiveModeThreshold: 0.5
  m_SpriteTileMode: 0
  m_WasSpriteAssigned: 1
  m_MaskInteraction: 0
  m_SpriteSortPoint: 0
--- !u!95 &2810656784485388981
Animator:
  serializedVersion: 3
  m_ObjectHideFlags: 0
  m_CorrespondingSourceObject: {fileID: 0}
  m_PrefabInstance: {fileID: 0}
  m_PrefabAsset: {fileID: 0}
  m_GameObject: {fileID: 1387291922590201131}
  m_Enabled: 1
  m_Avatar: {fileID: 0}
  m_Controller: {fileID: 9100000, guid: a3a8a8b95e372b049b7ea1520d04f18e, type: 2}
  m_CullingMode: 0
  m_UpdateMode: 0
  m_ApplyRootMotion: 0
  m_LinearVelocityBlending: 0
  m_WarningMessage: 
  m_HasTransformHierarchy: 1
  m_AllowConstantClipSamplingOptimization: 1
  m_KeepAnimatorControllerStateOnDisable: 0
--- !u!114 &8517473545927129170
MonoBehaviour:
  m_ObjectHideFlags: 0
  m_CorrespondingSourceObject: {fileID: 0}
  m_PrefabInstance: {fileID: 0}
  m_PrefabAsset: {fileID: 0}
  m_GameObject: {fileID: 1387291922590201131}
  m_Enabled: 1
  m_EditorHideFlags: 0
  m_Script: {fileID: 11500000, guid: c76d15650d6870a45ad9d58c3b44b8a8, type: 3}
  m_Name: 
  m_EditorClassIdentifier: 
  wayPoints:
  - {fileID: 1075226816820799794}
  - {fileID: 7957889480516715328}
--- !u!1 &1963394791256617892
GameObject:
  m_ObjectHideFlags: 0
  m_CorrespondingSourceObject: {fileID: 0}
  m_PrefabInstance: {fileID: 0}
  m_PrefabAsset: {fileID: 0}
  serializedVersion: 6
  m_Component:
  - component: {fileID: 2658284026444993906}
  - component: {fileID: 292556889533756166}
  m_Layer: 0
  m_Name: arbol (1)
  m_TagString: Untagged
  m_Icon: {fileID: 0}
  m_NavMeshLayer: 0
  m_StaticEditorFlags: 0
  m_IsActive: 1
--- !u!4 &2658284026444993906
Transform:
  m_ObjectHideFlags: 0
  m_CorrespondingSourceObject: {fileID: 0}
  m_PrefabInstance: {fileID: 0}
  m_PrefabAsset: {fileID: 0}
  m_GameObject: {fileID: 1963394791256617892}
  m_LocalRotation: {x: -0, y: -0, z: -0, w: 1}
  m_LocalPosition: {x: -6.55, y: -3.2, z: 3.09}
  m_LocalScale: {x: -0.8361708, y: 0.90153384, z: 1}
  m_Children: []
  m_Father: {fileID: 508250469282118116}
  m_RootOrder: 8
  m_LocalEulerAnglesHint: {x: 0, y: 0, z: 0}
--- !u!212 &292556889533756166
SpriteRenderer:
  m_ObjectHideFlags: 0
  m_CorrespondingSourceObject: {fileID: 0}
  m_PrefabInstance: {fileID: 0}
  m_PrefabAsset: {fileID: 0}
  m_GameObject: {fileID: 1963394791256617892}
  m_Enabled: 1
  m_CastShadows: 0
  m_ReceiveShadows: 0
  m_DynamicOccludee: 1
  m_MotionVectors: 1
  m_LightProbeUsage: 1
  m_ReflectionProbeUsage: 1
  m_RayTracingMode: 0
  m_RenderingLayerMask: 1
  m_RendererPriority: 0
  m_Materials:
  - {fileID: 10754, guid: 0000000000000000f000000000000000, type: 0}
  m_StaticBatchInfo:
    firstSubMesh: 0
    subMeshCount: 0
  m_StaticBatchRoot: {fileID: 0}
  m_ProbeAnchor: {fileID: 0}
  m_LightProbeVolumeOverride: {fileID: 0}
  m_ScaleInLightmap: 1
  m_ReceiveGI: 1
  m_PreserveUVs: 0
  m_IgnoreNormalsForChartDetection: 0
  m_ImportantGI: 0
  m_StitchLightmapSeams: 1
  m_SelectedEditorRenderState: 0
  m_MinimumChartSize: 4
  m_AutoUVMaxDistance: 0.5
  m_AutoUVMaxAngle: 89
  m_LightmapParameters: {fileID: 0}
  m_SortingLayerID: 0
  m_SortingLayer: 0
  m_SortingOrder: 0
  m_Sprite: {fileID: 21300000, guid: 7e73dca392f25874085bbf0fc39412f9, type: 3}
  m_Color: {r: 0.6037736, g: 0.50978994, b: 0.50978994, a: 1}
  m_FlipX: 0
  m_FlipY: 0
  m_DrawMode: 0
  m_Size: {x: 6.19, y: 6.5}
  m_AdaptiveModeThreshold: 0.5
  m_SpriteTileMode: 0
  m_WasSpriteAssigned: 1
  m_MaskInteraction: 0
  m_SpriteSortPoint: 0
--- !u!1 &2111762811361777222
GameObject:
  m_ObjectHideFlags: 0
  m_CorrespondingSourceObject: {fileID: 0}
  m_PrefabInstance: {fileID: 0}
  m_PrefabAsset: {fileID: 0}
  serializedVersion: 6
  m_Component:
  - component: {fileID: 6347283408221507508}
  - component: {fileID: 940803821686400150}
  m_Layer: 0
  m_Name: arbol (2)
  m_TagString: Untagged
  m_Icon: {fileID: 0}
  m_NavMeshLayer: 0
  m_StaticEditorFlags: 0
  m_IsActive: 1
--- !u!4 &6347283408221507508
Transform:
  m_ObjectHideFlags: 0
  m_CorrespondingSourceObject: {fileID: 0}
  m_PrefabInstance: {fileID: 0}
  m_PrefabAsset: {fileID: 0}
  m_GameObject: {fileID: 2111762811361777222}
  m_LocalRotation: {x: -0, y: -0, z: -0, w: 1}
  m_LocalPosition: {x: 19.2, y: -3.2, z: 3.09}
  m_LocalScale: {x: -0.8361708, y: 0.90153384, z: 1}
  m_Children: []
  m_Father: {fileID: 508250469282118116}
  m_RootOrder: 9
  m_LocalEulerAnglesHint: {x: 0, y: 0, z: 0}
--- !u!212 &940803821686400150
SpriteRenderer:
  m_ObjectHideFlags: 0
  m_CorrespondingSourceObject: {fileID: 0}
  m_PrefabInstance: {fileID: 0}
  m_PrefabAsset: {fileID: 0}
  m_GameObject: {fileID: 2111762811361777222}
  m_Enabled: 1
  m_CastShadows: 0
  m_ReceiveShadows: 0
  m_DynamicOccludee: 1
  m_MotionVectors: 1
  m_LightProbeUsage: 1
  m_ReflectionProbeUsage: 1
  m_RayTracingMode: 0
  m_RenderingLayerMask: 1
  m_RendererPriority: 0
  m_Materials:
  - {fileID: 10754, guid: 0000000000000000f000000000000000, type: 0}
  m_StaticBatchInfo:
    firstSubMesh: 0
    subMeshCount: 0
  m_StaticBatchRoot: {fileID: 0}
  m_ProbeAnchor: {fileID: 0}
  m_LightProbeVolumeOverride: {fileID: 0}
  m_ScaleInLightmap: 1
  m_ReceiveGI: 1
  m_PreserveUVs: 0
  m_IgnoreNormalsForChartDetection: 0
  m_ImportantGI: 0
  m_StitchLightmapSeams: 1
  m_SelectedEditorRenderState: 0
  m_MinimumChartSize: 4
  m_AutoUVMaxDistance: 0.5
  m_AutoUVMaxAngle: 89
  m_LightmapParameters: {fileID: 0}
  m_SortingLayerID: 0
  m_SortingLayer: 0
  m_SortingOrder: 0
  m_Sprite: {fileID: 21300000, guid: 7e73dca392f25874085bbf0fc39412f9, type: 3}
  m_Color: {r: 1, g: 1, b: 1, a: 1}
  m_FlipX: 0
  m_FlipY: 0
  m_DrawMode: 0
  m_Size: {x: 6.19, y: 6.5}
  m_AdaptiveModeThreshold: 0.5
  m_SpriteTileMode: 0
  m_WasSpriteAssigned: 1
  m_MaskInteraction: 0
  m_SpriteSortPoint: 0
--- !u!114 &3182776033170990568
MonoBehaviour:
  m_ObjectHideFlags: 0
  m_CorrespondingSourceObject: {fileID: 0}
  m_PrefabInstance: {fileID: 0}
  m_PrefabAsset: {fileID: 0}
  m_GameObject: {fileID: 2608296426666527445}
  m_Enabled: 1
  m_EditorHideFlags: 0
  m_Script: {fileID: 11500000, guid: c76d15650d6870a45ad9d58c3b44b8a8, type: 3}
  m_Name: 
  m_EditorClassIdentifier: 
  wayPoints:
  - {fileID: 6054736730152928632}
  - {fileID: 2654595505732851332}
--- !u!1 &2806967431401594147
GameObject:
  m_ObjectHideFlags: 0
  m_CorrespondingSourceObject: {fileID: 0}
  m_PrefabInstance: {fileID: 0}
  m_PrefabAsset: {fileID: 0}
  serializedVersion: 6
  m_Component:
  - component: {fileID: 2010491557460508941}
  m_Layer: 0
  m_Name: gatouno (2)
  m_TagString: Untagged
  m_Icon: {fileID: -964228994112308473, guid: 0000000000000000d000000000000000, type: 0}
  m_NavMeshLayer: 0
  m_StaticEditorFlags: 0
  m_IsActive: 1
--- !u!4 &2010491557460508941
Transform:
  m_ObjectHideFlags: 0
  m_CorrespondingSourceObject: {fileID: 0}
  m_PrefabInstance: {fileID: 0}
  m_PrefabAsset: {fileID: 0}
  m_GameObject: {fileID: 2806967431401594147}
  m_LocalRotation: {x: -0, y: -0, z: -0, w: 1}
  m_LocalPosition: {x: 12.45, y: -5.0087204, z: 2.04}
  m_LocalScale: {x: 1, y: 1, z: 1}
  m_Children: []
  m_Father: {fileID: 508250469282118116}
  m_RootOrder: 26
  m_LocalEulerAnglesHint: {x: 0, y: 0, z: 0}
--- !u!1 &3165521582515720631
GameObject:
  m_ObjectHideFlags: 0
  m_CorrespondingSourceObject: {fileID: 0}
  m_PrefabInstance: {fileID: 0}
  m_PrefabAsset: {fileID: 0}
  serializedVersion: 6
  m_Component:
  - component: {fileID: 8694616200972644641}
  - component: {fileID: 4568957320556527370}
  m_Layer: 0
  m_Name: edificio rotos
  m_TagString: Untagged
  m_Icon: {fileID: 0}
  m_NavMeshLayer: 0
  m_StaticEditorFlags: 0
  m_IsActive: 1
--- !u!4 &8694616200972644641
Transform:
  m_ObjectHideFlags: 0
  m_CorrespondingSourceObject: {fileID: 0}
  m_PrefabInstance: {fileID: 0}
  m_PrefabAsset: {fileID: 0}
  m_GameObject: {fileID: 3165521582515720631}
  m_LocalRotation: {x: -0, y: -0, z: -0, w: 1}
  m_LocalPosition: {x: 4.99, y: -1.97, z: 4.5528703}
  m_LocalScale: {x: 1.1211187, y: 1.1229893, z: 1}
  m_Children: []
  m_Father: {fileID: 508250469282118116}
  m_RootOrder: 4
  m_LocalEulerAnglesHint: {x: 0, y: 0, z: 0}
--- !u!212 &4568957320556527370
SpriteRenderer:
  m_ObjectHideFlags: 0
  m_CorrespondingSourceObject: {fileID: 0}
  m_PrefabInstance: {fileID: 0}
  m_PrefabAsset: {fileID: 0}
  m_GameObject: {fileID: 3165521582515720631}
  m_Enabled: 1
  m_CastShadows: 0
  m_ReceiveShadows: 0
  m_DynamicOccludee: 1
  m_MotionVectors: 1
  m_LightProbeUsage: 1
  m_ReflectionProbeUsage: 1
  m_RayTracingMode: 0
  m_RenderingLayerMask: 1
  m_RendererPriority: 0
  m_Materials:
  - {fileID: 10754, guid: 0000000000000000f000000000000000, type: 0}
  m_StaticBatchInfo:
    firstSubMesh: 0
    subMeshCount: 0
  m_StaticBatchRoot: {fileID: 0}
  m_ProbeAnchor: {fileID: 0}
  m_LightProbeVolumeOverride: {fileID: 0}
  m_ScaleInLightmap: 1
  m_ReceiveGI: 1
  m_PreserveUVs: 0
  m_IgnoreNormalsForChartDetection: 0
  m_ImportantGI: 0
  m_StitchLightmapSeams: 1
  m_SelectedEditorRenderState: 0
  m_MinimumChartSize: 4
  m_AutoUVMaxDistance: 0.5
  m_AutoUVMaxAngle: 89
  m_LightmapParameters: {fileID: 0}
  m_SortingLayerID: 0
  m_SortingLayer: 0
  m_SortingOrder: 0
  m_Sprite: {fileID: 21300000, guid: 79155e56686aa32478799b01e5498447, type: 3}
  m_Color: {r: 0.49056602, g: 0.37255248, b: 0.37255248, a: 1}
  m_FlipX: 0
  m_FlipY: 0
  m_DrawMode: 0
  m_Size: {x: 14.3, y: 9.59}
  m_AdaptiveModeThreshold: 0.5
  m_SpriteTileMode: 0
  m_WasSpriteAssigned: 1
  m_MaskInteraction: 0
  m_SpriteSortPoint: 0
--- !u!1 &3227970469461779322
GameObject:
  m_ObjectHideFlags: 0
  m_CorrespondingSourceObject: {fileID: 0}
  m_PrefabInstance: {fileID: 0}
  m_PrefabAsset: {fileID: 0}
  serializedVersion: 6
  m_Component:
  - component: {fileID: 2426781834512435941}
  - component: {fileID: 4975626148013007350}
  m_Layer: 0
  m_Name: nube 2.2 gris
  m_TagString: Untagged
  m_Icon: {fileID: 0}
  m_NavMeshLayer: 0
  m_StaticEditorFlags: 0
  m_IsActive: 1
--- !u!4 &2426781834512435941
Transform:
  m_ObjectHideFlags: 0
  m_CorrespondingSourceObject: {fileID: 0}
  m_PrefabInstance: {fileID: 0}
  m_PrefabAsset: {fileID: 0}
  m_GameObject: {fileID: 3227970469461779322}
  m_LocalRotation: {x: -0, y: -0, z: -0, w: 1}
  m_LocalPosition: {x: 10.21, y: 2.07, z: 4.5528703}
  m_LocalScale: {x: 1, y: 1, z: 1}
  m_Children: []
  m_Father: {fileID: 508250469282118116}
  m_RootOrder: 16
  m_LocalEulerAnglesHint: {x: 0, y: 0, z: 0}
--- !u!212 &4975626148013007350
SpriteRenderer:
  m_ObjectHideFlags: 0
  m_CorrespondingSourceObject: {fileID: 0}
  m_PrefabInstance: {fileID: 0}
  m_PrefabAsset: {fileID: 0}
  m_GameObject: {fileID: 3227970469461779322}
  m_Enabled: 1
  m_CastShadows: 0
  m_ReceiveShadows: 0
  m_DynamicOccludee: 1
  m_MotionVectors: 1
  m_LightProbeUsage: 1
  m_ReflectionProbeUsage: 1
  m_RayTracingMode: 0
  m_RenderingLayerMask: 1
  m_RendererPriority: 0
  m_Materials:
  - {fileID: 10754, guid: 0000000000000000f000000000000000, type: 0}
  m_StaticBatchInfo:
    firstSubMesh: 0
    subMeshCount: 0
  m_StaticBatchRoot: {fileID: 0}
  m_ProbeAnchor: {fileID: 0}
  m_LightProbeVolumeOverride: {fileID: 0}
  m_ScaleInLightmap: 1
  m_ReceiveGI: 1
  m_PreserveUVs: 0
  m_IgnoreNormalsForChartDetection: 0
  m_ImportantGI: 0
  m_StitchLightmapSeams: 1
  m_SelectedEditorRenderState: 0
  m_MinimumChartSize: 4
  m_AutoUVMaxDistance: 0.5
  m_AutoUVMaxAngle: 89
  m_LightmapParameters: {fileID: 0}
  m_SortingLayerID: 0
  m_SortingLayer: 0
  m_SortingOrder: 0
  m_Sprite: {fileID: 21300000, guid: e7e93c045f709fa4fa1036c350b5fdf4, type: 3}
  m_Color: {r: 1, g: 1, b: 1, a: 1}
  m_FlipX: 0
  m_FlipY: 0
  m_DrawMode: 0
  m_Size: {x: 8.11, y: 6.08}
  m_AdaptiveModeThreshold: 0.5
  m_SpriteTileMode: 0
  m_WasSpriteAssigned: 1
  m_MaskInteraction: 0
  m_SpriteSortPoint: 0
--- !u!1 &3568738244145159054
GameObject:
  m_ObjectHideFlags: 0
  m_CorrespondingSourceObject: {fileID: 0}
  m_PrefabInstance: {fileID: 0}
  m_PrefabAsset: {fileID: 0}
  serializedVersion: 6
  m_Component:
  - component: {fileID: 3184266607201591096}
  - component: {fileID: 4378957025003995595}
  m_Layer: 0
  m_Name: nube 2.2 gis medio oscuro
  m_TagString: Untagged
  m_Icon: {fileID: 0}
  m_NavMeshLayer: 0
  m_StaticEditorFlags: 0
  m_IsActive: 1
--- !u!4 &3184266607201591096
Transform:
  m_ObjectHideFlags: 0
  m_CorrespondingSourceObject: {fileID: 0}
  m_PrefabInstance: {fileID: 0}
  m_PrefabAsset: {fileID: 0}
  m_GameObject: {fileID: 3568738244145159054}
  m_LocalRotation: {x: -0, y: -0, z: -0, w: 1}
  m_LocalPosition: {x: -11.6240425, y: 0.6007471, z: 4.5528703}
  m_LocalScale: {x: 1, y: 1, z: 1}
  m_Children: []
  m_Father: {fileID: 508250469282118116}
  m_RootOrder: 15
  m_LocalEulerAnglesHint: {x: 0, y: 0, z: 0}
--- !u!212 &4378957025003995595
SpriteRenderer:
  m_ObjectHideFlags: 0
  m_CorrespondingSourceObject: {fileID: 0}
  m_PrefabInstance: {fileID: 0}
  m_PrefabAsset: {fileID: 0}
  m_GameObject: {fileID: 3568738244145159054}
  m_Enabled: 1
  m_CastShadows: 0
  m_ReceiveShadows: 0
  m_DynamicOccludee: 1
  m_MotionVectors: 1
  m_LightProbeUsage: 1
  m_ReflectionProbeUsage: 1
  m_RayTracingMode: 0
  m_RenderingLayerMask: 1
  m_RendererPriority: 0
  m_Materials:
  - {fileID: 10754, guid: 0000000000000000f000000000000000, type: 0}
  m_StaticBatchInfo:
    firstSubMesh: 0
    subMeshCount: 0
  m_StaticBatchRoot: {fileID: 0}
  m_ProbeAnchor: {fileID: 0}
  m_LightProbeVolumeOverride: {fileID: 0}
  m_ScaleInLightmap: 1
  m_ReceiveGI: 1
  m_PreserveUVs: 0
  m_IgnoreNormalsForChartDetection: 0
  m_ImportantGI: 0
  m_StitchLightmapSeams: 1
  m_SelectedEditorRenderState: 0
  m_MinimumChartSize: 4
  m_AutoUVMaxDistance: 0.5
  m_AutoUVMaxAngle: 89
  m_LightmapParameters: {fileID: 0}
  m_SortingLayerID: 0
  m_SortingLayer: 0
  m_SortingOrder: 0
  m_Sprite: {fileID: 21300000, guid: f5bb88507f625c24191b753ec44314e2, type: 3}
  m_Color: {r: 1, g: 1, b: 1, a: 1}
  m_FlipX: 0
  m_FlipY: 0
  m_DrawMode: 0
  m_Size: {x: 8.11, y: 6.08}
  m_AdaptiveModeThreshold: 0.5
  m_SpriteTileMode: 0
  m_WasSpriteAssigned: 1
  m_MaskInteraction: 0
  m_SpriteSortPoint: 0
--- !u!1 &3766717353996373143
GameObject:
  m_ObjectHideFlags: 0
  m_CorrespondingSourceObject: {fileID: 0}
  m_PrefabInstance: {fileID: 0}
  m_PrefabAsset: {fileID: 0}
  serializedVersion: 6
  m_Component:
  - component: {fileID: 8817159140563793801}
  m_Layer: 0
  m_Name: gatouno (1)
  m_TagString: Untagged
  m_Icon: {fileID: -964228994112308473, guid: 0000000000000000d000000000000000, type: 0}
  m_NavMeshLayer: 0
  m_StaticEditorFlags: 0
  m_IsActive: 1
--- !u!4 &8817159140563793801
Transform:
  m_ObjectHideFlags: 0
  m_CorrespondingSourceObject: {fileID: 0}
  m_PrefabInstance: {fileID: 0}
  m_PrefabAsset: {fileID: 0}
  m_GameObject: {fileID: 3766717353996373143}
  m_LocalRotation: {x: -0, y: -0, z: -0, w: 1}
  m_LocalPosition: {x: 5.06, y: -5.0087204, z: 3.0300002}
  m_LocalScale: {x: 1, y: 1, z: 1}
  m_Children: []
  m_Father: {fileID: 508250469282118116}
  m_RootOrder: 25
  m_LocalEulerAnglesHint: {x: 0, y: 0, z: 0}
--- !u!1 &4021850847399060712
GameObject:
  m_ObjectHideFlags: 0
  m_CorrespondingSourceObject: {fileID: 0}
  m_PrefabInstance: {fileID: 0}
  m_PrefabAsset: {fileID: 0}
  serializedVersion: 6
  m_Component:
  - component: {fileID: 419254995431980022}
  - component: {fileID: 4973084407953123783}
  m_Layer: 0
  m_Name: vaya (4)
  m_TagString: Untagged
  m_Icon: {fileID: 0}
  m_NavMeshLayer: 0
  m_StaticEditorFlags: 0
  m_IsActive: 1
--- !u!4 &419254995431980022
Transform:
  m_ObjectHideFlags: 0
  m_CorrespondingSourceObject: {fileID: 0}
  m_PrefabInstance: {fileID: 0}
  m_PrefabAsset: {fileID: 0}
  m_GameObject: {fileID: 4021850847399060712}
  m_LocalRotation: {x: -0, y: -0, z: -0, w: 1}
  m_LocalPosition: {x: -11.79, y: -5.58, z: 3.91}
  m_LocalScale: {x: 1, y: 1, z: 1}
  m_Children: []
  m_Father: {fileID: 508250469282118116}
  m_RootOrder: 3
  m_LocalEulerAnglesHint: {x: 0, y: 0, z: 0}
--- !u!212 &4973084407953123783
SpriteRenderer:
  m_ObjectHideFlags: 0
  m_CorrespondingSourceObject: {fileID: 0}
  m_PrefabInstance: {fileID: 0}
  m_PrefabAsset: {fileID: 0}
  m_GameObject: {fileID: 4021850847399060712}
  m_Enabled: 1
  m_CastShadows: 0
  m_ReceiveShadows: 0
  m_DynamicOccludee: 1
  m_MotionVectors: 1
  m_LightProbeUsage: 1
  m_ReflectionProbeUsage: 1
  m_RayTracingMode: 0
  m_RenderingLayerMask: 1
  m_RendererPriority: 0
  m_Materials:
  - {fileID: 10754, guid: 0000000000000000f000000000000000, type: 0}
  m_StaticBatchInfo:
    firstSubMesh: 0
    subMeshCount: 0
  m_StaticBatchRoot: {fileID: 0}
  m_ProbeAnchor: {fileID: 0}
  m_LightProbeVolumeOverride: {fileID: 0}
  m_ScaleInLightmap: 1
  m_ReceiveGI: 1
  m_PreserveUVs: 0
  m_IgnoreNormalsForChartDetection: 0
  m_ImportantGI: 0
  m_StitchLightmapSeams: 1
  m_SelectedEditorRenderState: 0
  m_MinimumChartSize: 4
  m_AutoUVMaxDistance: 0.5
  m_AutoUVMaxAngle: 89
  m_LightmapParameters: {fileID: 0}
  m_SortingLayerID: 0
  m_SortingLayer: 0
  m_SortingOrder: 0
  m_Sprite: {fileID: 21300000, guid: 0eb259338d277a9428348bd70e87d869, type: 3}
  m_Color: {r: 0.3301887, g: 0.3301887, b: 0.3301887, a: 1}
  m_FlipX: 0
  m_FlipY: 0
  m_DrawMode: 0
  m_Size: {x: 6.36, y: 5.27}
  m_AdaptiveModeThreshold: 0.5
  m_SpriteTileMode: 0
  m_WasSpriteAssigned: 1
  m_MaskInteraction: 0
  m_SpriteSortPoint: 0
--- !u!1 &4089599295245163200
GameObject:
  m_ObjectHideFlags: 0
  m_CorrespondingSourceObject: {fileID: 0}
  m_PrefabInstance: {fileID: 0}
  m_PrefabAsset: {fileID: 0}
  serializedVersion: 6
  m_Component:
  - component: {fileID: 6877204658171919849}
  - component: {fileID: 2947628215570434937}
  m_Layer: 0
  m_Name: vaya (5)
  m_TagString: Untagged
  m_Icon: {fileID: 0}
  m_NavMeshLayer: 0
  m_StaticEditorFlags: 0
  m_IsActive: 1
--- !u!4 &6877204658171919849
Transform:
  m_ObjectHideFlags: 0
  m_CorrespondingSourceObject: {fileID: 0}
  m_PrefabInstance: {fileID: 0}
  m_PrefabAsset: {fileID: 0}
  m_GameObject: {fileID: 4089599295245163200}
  m_LocalRotation: {x: -0, y: -0, z: -0, w: 1}
  m_LocalPosition: {x: 16.61, y: -5.58, z: 3.91}
  m_LocalScale: {x: 1, y: 1, z: 1}
  m_Children: []
  m_Father: {fileID: 508250469282118116}
  m_RootOrder: 6
  m_LocalEulerAnglesHint: {x: 0, y: 0, z: 0}
--- !u!212 &2947628215570434937
SpriteRenderer:
  m_ObjectHideFlags: 0
  m_CorrespondingSourceObject: {fileID: 0}
  m_PrefabInstance: {fileID: 0}
  m_PrefabAsset: {fileID: 0}
  m_GameObject: {fileID: 4089599295245163200}
  m_Enabled: 1
  m_CastShadows: 0
  m_ReceiveShadows: 0
  m_DynamicOccludee: 1
  m_MotionVectors: 1
  m_LightProbeUsage: 1
  m_ReflectionProbeUsage: 1
  m_RayTracingMode: 0
  m_RenderingLayerMask: 1
  m_RendererPriority: 0
  m_Materials:
  - {fileID: 10754, guid: 0000000000000000f000000000000000, type: 0}
  m_StaticBatchInfo:
    firstSubMesh: 0
    subMeshCount: 0
  m_StaticBatchRoot: {fileID: 0}
  m_ProbeAnchor: {fileID: 0}
  m_LightProbeVolumeOverride: {fileID: 0}
  m_ScaleInLightmap: 1
  m_ReceiveGI: 1
  m_PreserveUVs: 0
  m_IgnoreNormalsForChartDetection: 0
  m_ImportantGI: 0
  m_StitchLightmapSeams: 1
  m_SelectedEditorRenderState: 0
  m_MinimumChartSize: 4
  m_AutoUVMaxDistance: 0.5
  m_AutoUVMaxAngle: 89
  m_LightmapParameters: {fileID: 0}
  m_SortingLayerID: 0
  m_SortingLayer: 0
  m_SortingOrder: 0
  m_Sprite: {fileID: 21300000, guid: 0eb259338d277a9428348bd70e87d869, type: 3}
  m_Color: {r: 0.3301887, g: 0.3301887, b: 0.3301887, a: 1}
  m_FlipX: 0
  m_FlipY: 0
  m_DrawMode: 0
  m_Size: {x: 6.36, y: 5.27}
  m_AdaptiveModeThreshold: 0.5
  m_SpriteTileMode: 0
  m_WasSpriteAssigned: 1
  m_MaskInteraction: 0
  m_SpriteSortPoint: 0
--- !u!1 &4129461791689886336
GameObject:
  m_ObjectHideFlags: 0
  m_CorrespondingSourceObject: {fileID: 0}
  m_PrefabInstance: {fileID: 0}
  m_PrefabAsset: {fileID: 0}
  serializedVersion: 6
  m_Component:
  - component: {fileID: 6054736730152928632}
  m_Layer: 0
  m_Name: GameObject
  m_TagString: Untagged
  m_Icon: {fileID: -964228994112308473, guid: 0000000000000000d000000000000000, type: 0}
  m_NavMeshLayer: 0
  m_StaticEditorFlags: 0
  m_IsActive: 1
--- !u!4 &6054736730152928632
Transform:
  m_ObjectHideFlags: 0
  m_CorrespondingSourceObject: {fileID: 0}
  m_PrefabInstance: {fileID: 0}
  m_PrefabAsset: {fileID: 0}
  m_GameObject: {fileID: 4129461791689886336}
  m_LocalRotation: {x: -0, y: -0, z: -0, w: 1}
  m_LocalPosition: {x: 0.13, y: -2.6143773, z: 2.89}
  m_LocalScale: {x: 1, y: 1, z: 1}
  m_Children: []
  m_Father: {fileID: 508250469282118116}
  m_RootOrder: 35
  m_LocalEulerAnglesHint: {x: 0, y: 0, z: 0}
--- !u!1 &4564727660433552245
GameObject:
  m_ObjectHideFlags: 0
  m_CorrespondingSourceObject: {fileID: 0}
  m_PrefabInstance: {fileID: 0}
  m_PrefabAsset: {fileID: 0}
  serializedVersion: 6
  m_Component:
  - component: {fileID: 4871609778445965196}
  - component: {fileID: 3342949460973491568}
  m_Layer: 0
  m_Name: ed
  m_TagString: Untagged
  m_Icon: {fileID: 0}
  m_NavMeshLayer: 0
  m_StaticEditorFlags: 0
  m_IsActive: 1
--- !u!4 &4871609778445965196
Transform:
  m_ObjectHideFlags: 0
  m_CorrespondingSourceObject: {fileID: 0}
  m_PrefabInstance: {fileID: 0}
  m_PrefabAsset: {fileID: 0}
  m_GameObject: {fileID: 4564727660433552245}
  m_LocalRotation: {x: -0, y: -0, z: -0, w: 1}
  m_LocalPosition: {x: -8.99, y: -4.23, z: 10.09}
  m_LocalScale: {x: -1.9964869, y: 0.9797349, z: 1}
  m_Children: []
  m_Father: {fileID: 508250469282118116}
  m_RootOrder: 5
  m_LocalEulerAnglesHint: {x: 0, y: 0, z: 0}
--- !u!212 &3342949460973491568
SpriteRenderer:
  m_ObjectHideFlags: 0
  m_CorrespondingSourceObject: {fileID: 0}
  m_PrefabInstance: {fileID: 0}
  m_PrefabAsset: {fileID: 0}
  m_GameObject: {fileID: 4564727660433552245}
  m_Enabled: 1
  m_CastShadows: 0
  m_ReceiveShadows: 0
  m_DynamicOccludee: 1
  m_MotionVectors: 1
  m_LightProbeUsage: 1
  m_ReflectionProbeUsage: 1
  m_RayTracingMode: 0
  m_RenderingLayerMask: 1
  m_RendererPriority: 0
  m_Materials:
  - {fileID: 10754, guid: 0000000000000000f000000000000000, type: 0}
  m_StaticBatchInfo:
    firstSubMesh: 0
    subMeshCount: 0
  m_StaticBatchRoot: {fileID: 0}
  m_ProbeAnchor: {fileID: 0}
  m_LightProbeVolumeOverride: {fileID: 0}
  m_ScaleInLightmap: 1
  m_ReceiveGI: 1
  m_PreserveUVs: 0
  m_IgnoreNormalsForChartDetection: 0
  m_ImportantGI: 0
  m_StitchLightmapSeams: 1
  m_SelectedEditorRenderState: 0
  m_MinimumChartSize: 4
  m_AutoUVMaxDistance: 0.5
  m_AutoUVMaxAngle: 89
  m_LightmapParameters: {fileID: 0}
  m_SortingLayerID: 0
  m_SortingLayer: 0
  m_SortingOrder: 0
  m_Sprite: {fileID: 21300000, guid: db996d9e665a22f4890278c92edefadd, type: 3}
  m_Color: {r: 0.38964042, g: 0.41509432, b: 0.3910545, a: 1}
  m_FlipX: 0
  m_FlipY: 0
  m_DrawMode: 0
  m_Size: {x: 6.91, y: 6.26}
  m_AdaptiveModeThreshold: 0.5
  m_SpriteTileMode: 0
  m_WasSpriteAssigned: 1
  m_MaskInteraction: 0
  m_SpriteSortPoint: 0
--- !u!114 &4001268008037242838
MonoBehaviour:
  m_ObjectHideFlags: 0
  m_CorrespondingSourceObject: {fileID: 0}
  m_PrefabInstance: {fileID: 0}
  m_PrefabAsset: {fileID: 0}
  m_GameObject: {fileID: 4675183463931784158}
  m_Enabled: 1
  m_EditorHideFlags: 0
  m_Script: {fileID: 11500000, guid: c76d15650d6870a45ad9d58c3b44b8a8, type: 3}
  m_Name: 
  m_EditorClassIdentifier: 
  wayPoints:
  - {fileID: 2950261390435874004}
  - {fileID: 8817159140563793801}
--- !u!1 &5136591857995919346
GameObject:
  m_ObjectHideFlags: 0
  m_CorrespondingSourceObject: {fileID: 0}
  m_PrefabInstance: {fileID: 0}
  m_PrefabAsset: {fileID: 0}
  serializedVersion: 6
  m_Component:
  - component: {fileID: 2654595505732851332}
  m_Layer: 0
  m_Name: GameObject (1)
  m_TagString: Untagged
  m_Icon: {fileID: -964228994112308473, guid: 0000000000000000d000000000000000, type: 0}
  m_NavMeshLayer: 0
  m_StaticEditorFlags: 0
  m_IsActive: 1
--- !u!4 &2654595505732851332
Transform:
  m_ObjectHideFlags: 0
  m_CorrespondingSourceObject: {fileID: 0}
  m_PrefabInstance: {fileID: 0}
  m_PrefabAsset: {fileID: 0}
  m_GameObject: {fileID: 5136591857995919346}
  m_LocalRotation: {x: -0, y: -0, z: -0, w: 1}
  m_LocalPosition: {x: 14.47, y: -2.6143773, z: 2.8899999}
  m_LocalScale: {x: 1, y: 1, z: 1}
  m_Children: []
  m_Father: {fileID: 508250469282118116}
  m_RootOrder: 36
  m_LocalEulerAnglesHint: {x: 0, y: 0, z: 0}
--- !u!1 &5492835776213541350
GameObject:
  m_ObjectHideFlags: 0
  m_CorrespondingSourceObject: {fileID: 0}
  m_PrefabInstance: {fileID: 0}
  m_PrefabAsset: {fileID: 0}
  serializedVersion: 6
  m_Component:
  - component: {fileID: 5643968537816688390}
  - component: {fileID: 8351549197588609780}
  m_Layer: 0
  m_Name: nube 2.2 gris clara
  m_TagString: Untagged
  m_Icon: {fileID: 0}
  m_NavMeshLayer: 0
  m_StaticEditorFlags: 0
  m_IsActive: 1
--- !u!4 &5643968537816688390
Transform:
  m_ObjectHideFlags: 0
  m_CorrespondingSourceObject: {fileID: 0}
  m_PrefabInstance: {fileID: 0}
  m_PrefabAsset: {fileID: 0}
  m_GameObject: {fileID: 5492835776213541350}
  m_LocalRotation: {x: -0, y: -0, z: -0, w: 1}
  m_LocalPosition: {x: 9.526046, y: 0.7889247, z: 4.5528703}
  m_LocalScale: {x: 1, y: 1, z: 1}
  m_Children: []
  m_Father: {fileID: 508250469282118116}
  m_RootOrder: 17
  m_LocalEulerAnglesHint: {x: 0, y: 0, z: 0}
--- !u!212 &8351549197588609780
SpriteRenderer:
  m_ObjectHideFlags: 0
  m_CorrespondingSourceObject: {fileID: 0}
  m_PrefabInstance: {fileID: 0}
  m_PrefabAsset: {fileID: 0}
  m_GameObject: {fileID: 5492835776213541350}
  m_Enabled: 1
  m_CastShadows: 0
  m_ReceiveShadows: 0
  m_DynamicOccludee: 1
  m_MotionVectors: 1
  m_LightProbeUsage: 1
  m_ReflectionProbeUsage: 1
  m_RayTracingMode: 0
  m_RenderingLayerMask: 1
  m_RendererPriority: 0
  m_Materials:
  - {fileID: 10754, guid: 0000000000000000f000000000000000, type: 0}
  m_StaticBatchInfo:
    firstSubMesh: 0
    subMeshCount: 0
  m_StaticBatchRoot: {fileID: 0}
  m_ProbeAnchor: {fileID: 0}
  m_LightProbeVolumeOverride: {fileID: 0}
  m_ScaleInLightmap: 1
  m_ReceiveGI: 1
  m_PreserveUVs: 0
  m_IgnoreNormalsForChartDetection: 0
  m_ImportantGI: 0
  m_StitchLightmapSeams: 1
  m_SelectedEditorRenderState: 0
  m_MinimumChartSize: 4
  m_AutoUVMaxDistance: 0.5
  m_AutoUVMaxAngle: 89
  m_LightmapParameters: {fileID: 0}
  m_SortingLayerID: 0
  m_SortingLayer: 0
  m_SortingOrder: 0
  m_Sprite: {fileID: 21300000, guid: 4be264e70340074418417f937a30d582, type: 3}
  m_Color: {r: 1, g: 1, b: 1, a: 1}
  m_FlipX: 0
  m_FlipY: 0
  m_DrawMode: 0
  m_Size: {x: 8.11, y: 6.08}
  m_AdaptiveModeThreshold: 0.5
  m_SpriteTileMode: 0
  m_WasSpriteAssigned: 1
  m_MaskInteraction: 0
  m_SpriteSortPoint: 0
--- !u!1 &5854553712115276702
GameObject:
  m_ObjectHideFlags: 0
  m_CorrespondingSourceObject: {fileID: 0}
  m_PrefabInstance: {fileID: 0}
  m_PrefabAsset: {fileID: 0}
  serializedVersion: 6
  m_Component:
  - component: {fileID: 1075226816820799794}
  m_Layer: 0
  m_Name: direccion1
  m_TagString: Untagged
  m_Icon: {fileID: 419385456094870383, guid: 0000000000000000d000000000000000, type: 0}
  m_NavMeshLayer: 0
  m_StaticEditorFlags: 0
  m_IsActive: 1
--- !u!4 &1075226816820799794
Transform:
  m_ObjectHideFlags: 0
  m_CorrespondingSourceObject: {fileID: 0}
  m_PrefabInstance: {fileID: 0}
  m_PrefabAsset: {fileID: 0}
  m_GameObject: {fileID: 5854553712115276702}
  m_LocalRotation: {x: -0, y: -0, z: -0, w: 1}
  m_LocalPosition: {x: -12.82, y: -2.0889046, z: 7.29}
  m_LocalScale: {x: 1, y: 1, z: 1}
  m_Children: []
  m_Father: {fileID: 508250469282118116}
  m_RootOrder: 20
  m_LocalEulerAnglesHint: {x: 0, y: 0, z: 0}
--- !u!1 &6182662262716249459
GameObject:
  m_ObjectHideFlags: 0
  m_CorrespondingSourceObject: {fileID: 0}
  m_PrefabInstance: {fileID: 0}
  m_PrefabAsset: {fileID: 0}
  serializedVersion: 6
  m_Component:
  - component: {fileID: 2950261390435874004}
  m_Layer: 0
  m_Name: gatouno
  m_TagString: Untagged
  m_Icon: {fileID: -964228994112308473, guid: 0000000000000000d000000000000000, type: 0}
  m_NavMeshLayer: 0
  m_StaticEditorFlags: 0
  m_IsActive: 1
--- !u!4 &2950261390435874004
Transform:
  m_ObjectHideFlags: 0
  m_CorrespondingSourceObject: {fileID: 0}
  m_PrefabInstance: {fileID: 0}
  m_PrefabAsset: {fileID: 0}
  m_GameObject: {fileID: 6182662262716249459}
  m_LocalRotation: {x: -0, y: -0, z: -0, w: 1}
  m_LocalPosition: {x: -6.3, y: -5.0087204, z: 3.03}
  m_LocalScale: {x: 1, y: 1, z: 1}
  m_Children: []
  m_Father: {fileID: 508250469282118116}
  m_RootOrder: 24
  m_LocalEulerAnglesHint: {x: 0, y: 0, z: 0}
--- !u!1 &6265608318715851522
GameObject:
  m_ObjectHideFlags: 0
  m_CorrespondingSourceObject: {fileID: 0}
  m_PrefabInstance: {fileID: 0}
  m_PrefabAsset: {fileID: 0}
  serializedVersion: 6
  m_Component:
  - component: {fileID: 9012103859062303669}
  m_Layer: 0
  m_Name: gatouno (3)
  m_TagString: Untagged
  m_Icon: {fileID: -964228994112308473, guid: 0000000000000000d000000000000000, type: 0}
  m_NavMeshLayer: 0
  m_StaticEditorFlags: 0
  m_IsActive: 1
--- !u!4 &9012103859062303669
Transform:
  m_ObjectHideFlags: 0
  m_CorrespondingSourceObject: {fileID: 0}
  m_PrefabInstance: {fileID: 0}
  m_PrefabAsset: {fileID: 0}
  m_GameObject: {fileID: 6265608318715851522}
  m_LocalRotation: {x: -0, y: -0, z: -0, w: 1}
  m_LocalPosition: {x: 18.26, y: -5.0087204, z: 2.04}
  m_LocalScale: {x: 1, y: 1, z: 1}
  m_Children: []
  m_Father: {fileID: 508250469282118116}
  m_RootOrder: 27
  m_LocalEulerAnglesHint: {x: 0, y: 0, z: 0}
--- !u!1 &6671736898466120226
GameObject:
  m_ObjectHideFlags: 0
  m_CorrespondingSourceObject: {fileID: 0}
  m_PrefabInstance: {fileID: 0}
  m_PrefabAsset: {fileID: 0}
  serializedVersion: 6
  m_Component:
  - component: {fileID: 1466832606072340171}
  - component: {fileID: 2823895566970132824}
  m_Layer: 0
  m_Name: 9911
  m_TagString: Untagged
  m_Icon: {fileID: 0}
  m_NavMeshLayer: 0
  m_StaticEditorFlags: 0
  m_IsActive: 1
--- !u!4 &1466832606072340171
Transform:
  m_ObjectHideFlags: 0
  m_CorrespondingSourceObject: {fileID: 0}
  m_PrefabInstance: {fileID: 0}
  m_PrefabAsset: {fileID: 0}
  m_GameObject: {fileID: 6671736898466120226}
  m_LocalRotation: {x: -0, y: -0, z: -0, w: 1}
  m_LocalPosition: {x: 2.99, y: 0.16, z: 11.19}
  m_LocalScale: {x: 1.2924057, y: 1, z: 1}
  m_Children: []
  m_Father: {fileID: 508250469282118116}
  m_RootOrder: 2
  m_LocalEulerAnglesHint: {x: 0, y: 0, z: 0}
--- !u!212 &2823895566970132824
SpriteRenderer:
  m_ObjectHideFlags: 0
  m_CorrespondingSourceObject: {fileID: 0}
  m_PrefabInstance: {fileID: 0}
  m_PrefabAsset: {fileID: 0}
  m_GameObject: {fileID: 6671736898466120226}
  m_Enabled: 1
  m_CastShadows: 0
  m_ReceiveShadows: 0
  m_DynamicOccludee: 1
  m_MotionVectors: 1
  m_LightProbeUsage: 1
  m_ReflectionProbeUsage: 1
  m_RayTracingMode: 0
  m_RenderingLayerMask: 1
  m_RendererPriority: 0
  m_Materials:
  - {fileID: 10754, guid: 0000000000000000f000000000000000, type: 0}
  m_StaticBatchInfo:
    firstSubMesh: 0
    subMeshCount: 0
  m_StaticBatchRoot: {fileID: 0}
  m_ProbeAnchor: {fileID: 0}
  m_LightProbeVolumeOverride: {fileID: 0}
  m_ScaleInLightmap: 1
  m_ReceiveGI: 1
  m_PreserveUVs: 0
  m_IgnoreNormalsForChartDetection: 0
  m_ImportantGI: 0
  m_StitchLightmapSeams: 1
  m_SelectedEditorRenderState: 0
  m_MinimumChartSize: 4
  m_AutoUVMaxDistance: 0.5
  m_AutoUVMaxAngle: 89
  m_LightmapParameters: {fileID: 0}
  m_SortingLayerID: 0
  m_SortingLayer: 0
  m_SortingOrder: 0
  m_Sprite: {fileID: 21300000, guid: 149f9a51355a5704183b6797c8726f00, type: 3}
  m_Color: {r: 1, g: 1, b: 1, a: 1}
  m_FlipX: 0
  m_FlipY: 0
  m_DrawMode: 0
  m_Size: {x: 25.6, y: 14.4}
  m_AdaptiveModeThreshold: 0.5
  m_SpriteTileMode: 0
  m_WasSpriteAssigned: 1
  m_MaskInteraction: 0
  m_SpriteSortPoint: 0
--- !u!114 &763570144361432223
MonoBehaviour:
  m_ObjectHideFlags: 0
  m_CorrespondingSourceObject: {fileID: 0}
  m_PrefabInstance: {fileID: 0}
  m_PrefabAsset: {fileID: 0}
  m_GameObject: {fileID: 7628397848650745871}
  m_Enabled: 1
  m_EditorHideFlags: 0
  m_Script: {fileID: 11500000, guid: c76d15650d6870a45ad9d58c3b44b8a8, type: 3}
  m_Name: 
  m_EditorClassIdentifier: 
  wayPoints:
  - {fileID: 2010491557460508941}
  - {fileID: 9012103859062303669}
--- !u!1 &7634525293328262613
GameObject:
  m_ObjectHideFlags: 0
  m_CorrespondingSourceObject: {fileID: 0}
  m_PrefabInstance: {fileID: 0}
  m_PrefabAsset: {fileID: 0}
  serializedVersion: 6
  m_Component:
  - component: {fileID: 2399672586593939820}
  - component: {fileID: 1652298516466157050}
  m_Layer: 0
  m_Name: arbol
  m_TagString: Untagged
  m_Icon: {fileID: 0}
  m_NavMeshLayer: 0
  m_StaticEditorFlags: 0
  m_IsActive: 1
--- !u!4 &2399672586593939820
Transform:
  m_ObjectHideFlags: 0
  m_CorrespondingSourceObject: {fileID: 0}
  m_PrefabInstance: {fileID: 0}
  m_PrefabAsset: {fileID: 0}
  m_GameObject: {fileID: 7634525293328262613}
  m_LocalRotation: {x: -0, y: -0, z: -0, w: 1}
  m_LocalPosition: {x: 3.18, y: -2.94, z: 3.09}
  m_LocalScale: {x: 1, y: 1, z: 1}
  m_Children: []
  m_Father: {fileID: 508250469282118116}
  m_RootOrder: 7
  m_LocalEulerAnglesHint: {x: 0, y: 0, z: 0}
--- !u!212 &1652298516466157050
SpriteRenderer:
  m_ObjectHideFlags: 0
  m_CorrespondingSourceObject: {fileID: 0}
  m_PrefabInstance: {fileID: 0}
  m_PrefabAsset: {fileID: 0}
  m_GameObject: {fileID: 7634525293328262613}
  m_Enabled: 1
  m_CastShadows: 0
  m_ReceiveShadows: 0
  m_DynamicOccludee: 1
  m_MotionVectors: 1
  m_LightProbeUsage: 1
  m_ReflectionProbeUsage: 1
  m_RayTracingMode: 0
  m_RenderingLayerMask: 1
  m_RendererPriority: 0
  m_Materials:
  - {fileID: 10754, guid: 0000000000000000f000000000000000, type: 0}
  m_StaticBatchInfo:
    firstSubMesh: 0
    subMeshCount: 0
  m_StaticBatchRoot: {fileID: 0}
  m_ProbeAnchor: {fileID: 0}
  m_LightProbeVolumeOverride: {fileID: 0}
  m_ScaleInLightmap: 1
  m_ReceiveGI: 1
  m_PreserveUVs: 0
  m_IgnoreNormalsForChartDetection: 0
  m_ImportantGI: 0
  m_StitchLightmapSeams: 1
  m_SelectedEditorRenderState: 0
  m_MinimumChartSize: 4
  m_AutoUVMaxDistance: 0.5
  m_AutoUVMaxAngle: 89
  m_LightmapParameters: {fileID: 0}
  m_SortingLayerID: 0
  m_SortingLayer: 0
  m_SortingOrder: 0
  m_Sprite: {fileID: 21300000, guid: 7e73dca392f25874085bbf0fc39412f9, type: 3}
  m_Color: {r: 0.3962264, g: 0.1439124, b: 0.1439124, a: 1}
  m_FlipX: 0
  m_FlipY: 0
  m_DrawMode: 0
  m_Size: {x: 6.19, y: 6.5}
  m_AdaptiveModeThreshold: 0.5
  m_SpriteTileMode: 0
  m_WasSpriteAssigned: 1
  m_MaskInteraction: 0
  m_SpriteSortPoint: 0
--- !u!1 &7739804830332617168
GameObject:
  m_ObjectHideFlags: 0
  m_CorrespondingSourceObject: {fileID: 0}
  m_PrefabInstance: {fileID: 0}
  m_PrefabAsset: {fileID: 0}
  serializedVersion: 6
  m_Component:
  - component: {fileID: 4776415851950499447}
  - component: {fileID: 774160387441562819}
  m_Layer: 0
  m_Name: suelo 2 (3)
  m_TagString: Untagged
  m_Icon: {fileID: 0}
  m_NavMeshLayer: 0
  m_StaticEditorFlags: 0
  m_IsActive: 1
--- !u!4 &4776415851950499447
Transform:
  m_ObjectHideFlags: 0
  m_CorrespondingSourceObject: {fileID: 0}
  m_PrefabInstance: {fileID: 0}
  m_PrefabAsset: {fileID: 0}
  m_GameObject: {fileID: 7739804830332617168}
  m_LocalRotation: {x: -0, y: -0, z: -0, w: 1}
  m_LocalPosition: {x: 14.74, y: -4.85, z: 3.14}
  m_LocalScale: {x: 1.1525786, y: 1.1902329, z: 1}
  m_Children: []
  m_Father: {fileID: 508250469282118116}
  m_RootOrder: 13
  m_LocalEulerAnglesHint: {x: 0, y: 0, z: 0}
--- !u!212 &774160387441562819
SpriteRenderer:
  m_ObjectHideFlags: 0
  m_CorrespondingSourceObject: {fileID: 0}
  m_PrefabInstance: {fileID: 0}
  m_PrefabAsset: {fileID: 0}
  m_GameObject: {fileID: 7739804830332617168}
  m_Enabled: 1
  m_CastShadows: 0
  m_ReceiveShadows: 0
  m_DynamicOccludee: 1
  m_MotionVectors: 1
  m_LightProbeUsage: 1
  m_ReflectionProbeUsage: 1
  m_RayTracingMode: 0
  m_RenderingLayerMask: 1
  m_RendererPriority: 0
  m_Materials:
  - {fileID: 10754, guid: 0000000000000000f000000000000000, type: 0}
  m_StaticBatchInfo:
    firstSubMesh: 0
    subMeshCount: 0
  m_StaticBatchRoot: {fileID: 0}
  m_ProbeAnchor: {fileID: 0}
  m_LightProbeVolumeOverride: {fileID: 0}
  m_ScaleInLightmap: 1
  m_ReceiveGI: 1
  m_PreserveUVs: 0
  m_IgnoreNormalsForChartDetection: 0
  m_ImportantGI: 0
  m_StitchLightmapSeams: 1
  m_SelectedEditorRenderState: 0
  m_MinimumChartSize: 4
  m_AutoUVMaxDistance: 0.5
  m_AutoUVMaxAngle: 89
  m_LightmapParameters: {fileID: 0}
  m_SortingLayerID: 0
  m_SortingLayer: 0
  m_SortingOrder: 0
  m_Sprite: {fileID: 21300000, guid: ce0c578d5eff4ef4baa9ba5ac2811bfd, type: 3}
  m_Color: {r: 0.5377358, g: 0.5377358, b: 0.5377358, a: 1}
  m_FlipX: 0
  m_FlipY: 0
  m_DrawMode: 0
  m_Size: {x: 8.42, y: 5.96}
  m_AdaptiveModeThreshold: 0.5
  m_SpriteTileMode: 0
  m_WasSpriteAssigned: 1
  m_MaskInteraction: 0
  m_SpriteSortPoint: 0
--- !u!1 &8516253993088707624
GameObject:
  m_ObjectHideFlags: 0
  m_CorrespondingSourceObject: {fileID: 0}
  m_PrefabInstance: {fileID: 0}
  m_PrefabAsset: {fileID: 0}
  serializedVersion: 6
  m_Component:
  - component: {fileID: 7936469186332300357}
  - component: {fileID: 8535170929176337143}
  m_Layer: 0
  m_Name: nube 2.2 gris clara
  m_TagString: Untagged
  m_Icon: {fileID: 0}
  m_NavMeshLayer: 0
  m_StaticEditorFlags: 0
  m_IsActive: 1
--- !u!4 &7936469186332300357
Transform:
  m_ObjectHideFlags: 0
  m_CorrespondingSourceObject: {fileID: 0}
  m_PrefabInstance: {fileID: 0}
  m_PrefabAsset: {fileID: 0}
  m_GameObject: {fileID: 8516253993088707624}
  m_LocalRotation: {x: -0, y: -0, z: -0, w: 1}
  m_LocalPosition: {x: 19.10006, y: -2.5305715, z: 4.5528703}
  m_LocalScale: {x: 1, y: 1, z: 1}
  m_Children: []
  m_Father: {fileID: 508250469282118116}
  m_RootOrder: 18
  m_LocalEulerAnglesHint: {x: 0, y: 0, z: 0}
--- !u!212 &8535170929176337143
SpriteRenderer:
  m_ObjectHideFlags: 0
  m_CorrespondingSourceObject: {fileID: 0}
  m_PrefabInstance: {fileID: 0}
  m_PrefabAsset: {fileID: 0}
  m_GameObject: {fileID: 8516253993088707624}
  m_Enabled: 1
  m_CastShadows: 0
  m_ReceiveShadows: 0
  m_DynamicOccludee: 1
  m_MotionVectors: 1
  m_LightProbeUsage: 1
  m_ReflectionProbeUsage: 1
  m_RayTracingMode: 0
  m_RenderingLayerMask: 1
  m_RendererPriority: 0
  m_Materials:
  - {fileID: 10754, guid: 0000000000000000f000000000000000, type: 0}
  m_StaticBatchInfo:
    firstSubMesh: 0
    subMeshCount: 0
  m_StaticBatchRoot: {fileID: 0}
  m_ProbeAnchor: {fileID: 0}
  m_LightProbeVolumeOverride: {fileID: 0}
  m_ScaleInLightmap: 1
  m_ReceiveGI: 1
  m_PreserveUVs: 0
  m_IgnoreNormalsForChartDetection: 0
  m_ImportantGI: 0
  m_StitchLightmapSeams: 1
  m_SelectedEditorRenderState: 0
  m_MinimumChartSize: 4
  m_AutoUVMaxDistance: 0.5
  m_AutoUVMaxAngle: 89
  m_LightmapParameters: {fileID: 0}
  m_SortingLayerID: 0
  m_SortingLayer: 0
  m_SortingOrder: 0
  m_Sprite: {fileID: 21300000, guid: 4be264e70340074418417f937a30d582, type: 3}
  m_Color: {r: 1, g: 1, b: 1, a: 1}
  m_FlipX: 0
  m_FlipY: 0
  m_DrawMode: 0
  m_Size: {x: 8.11, y: 6.08}
  m_AdaptiveModeThreshold: 0.5
  m_SpriteTileMode: 0
  m_WasSpriteAssigned: 1
  m_MaskInteraction: 0
  m_SpriteSortPoint: 0
--- !u!1 &9039028802374357424
GameObject:
  m_ObjectHideFlags: 0
  m_CorrespondingSourceObject: {fileID: 0}
  m_PrefabInstance: {fileID: 0}
  m_PrefabAsset: {fileID: 0}
  serializedVersion: 6
  m_Component:
  - component: {fileID: 7433921639695219295}
  - component: {fileID: 5421716260864821040}
  m_Layer: 0
  m_Name: nube 2.2 gris
  m_TagString: Untagged
  m_Icon: {fileID: 0}
  m_NavMeshLayer: 0
  m_StaticEditorFlags: 0
  m_IsActive: 1
--- !u!4 &7433921639695219295
Transform:
  m_ObjectHideFlags: 0
  m_CorrespondingSourceObject: {fileID: 0}
  m_PrefabInstance: {fileID: 0}
  m_PrefabAsset: {fileID: 0}
  m_GameObject: {fileID: 9039028802374357424}
  m_LocalRotation: {x: -0, y: -0, z: -0, w: 1}
  m_LocalPosition: {x: -1.69, y: 1.29, z: 4.5528703}
  m_LocalScale: {x: 0.9375, y: 1, z: 1}
  m_Children: []
  m_Father: {fileID: 508250469282118116}
  m_RootOrder: 14
  m_LocalEulerAnglesHint: {x: 0, y: 0, z: 0}
--- !u!212 &5421716260864821040
SpriteRenderer:
  m_ObjectHideFlags: 0
  m_CorrespondingSourceObject: {fileID: 0}
  m_PrefabInstance: {fileID: 0}
  m_PrefabAsset: {fileID: 0}
  m_GameObject: {fileID: 9039028802374357424}
  m_Enabled: 1
  m_CastShadows: 0
  m_ReceiveShadows: 0
  m_DynamicOccludee: 1
  m_MotionVectors: 1
  m_LightProbeUsage: 1
  m_ReflectionProbeUsage: 1
  m_RayTracingMode: 0
  m_RenderingLayerMask: 1
  m_RendererPriority: 0
  m_Materials:
  - {fileID: 10754, guid: 0000000000000000f000000000000000, type: 0}
  m_StaticBatchInfo:
    firstSubMesh: 0
    subMeshCount: 0
  m_StaticBatchRoot: {fileID: 0}
  m_ProbeAnchor: {fileID: 0}
  m_LightProbeVolumeOverride: {fileID: 0}
  m_ScaleInLightmap: 1
  m_ReceiveGI: 1
  m_PreserveUVs: 0
  m_IgnoreNormalsForChartDetection: 0
  m_ImportantGI: 0
  m_StitchLightmapSeams: 1
  m_SelectedEditorRenderState: 0
  m_MinimumChartSize: 4
  m_AutoUVMaxDistance: 0.5
  m_AutoUVMaxAngle: 89
  m_LightmapParameters: {fileID: 0}
  m_SortingLayerID: 0
  m_SortingLayer: 0
  m_SortingOrder: 0
  m_Sprite: {fileID: 21300000, guid: e7e93c045f709fa4fa1036c350b5fdf4, type: 3}
  m_Color: {r: 1, g: 1, b: 1, a: 1}
  m_FlipX: 0
  m_FlipY: 0
  m_DrawMode: 0
  m_Size: {x: 8.11, y: 6.08}
  m_AdaptiveModeThreshold: 0.5
  m_SpriteTileMode: 0
  m_WasSpriteAssigned: 1
  m_MaskInteraction: 0
  m_SpriteSortPoint: 0
--- !u!1 &9176602276747321019
GameObject:
  m_ObjectHideFlags: 0
  m_CorrespondingSourceObject: {fileID: 0}
  m_PrefabInstance: {fileID: 0}
  m_PrefabAsset: {fileID: 0}
  serializedVersion: 6
  m_Component:
  - component: {fileID: 7393736147220039189}
  - component: {fileID: 1969485448851108867}
  m_Layer: 0
  m_Name: ed (1)
  m_TagString: Untagged
  m_Icon: {fileID: 0}
  m_NavMeshLayer: 0
  m_StaticEditorFlags: 0
  m_IsActive: 1
--- !u!4 &7393736147220039189
Transform:
  m_ObjectHideFlags: 0
  m_CorrespondingSourceObject: {fileID: 0}
  m_PrefabInstance: {fileID: 0}
  m_PrefabAsset: {fileID: 0}
  m_GameObject: {fileID: 9176602276747321019}
  m_LocalRotation: {x: -0, y: -0, z: -0, w: 1}
  m_LocalPosition: {x: 10.9, y: -3.87, z: 10.09}
  m_LocalScale: {x: 2.1671507, y: 0.9797349, z: 1}
  m_Children: []
  m_Father: {fileID: 508250469282118116}
  m_RootOrder: 10
  m_LocalEulerAnglesHint: {x: 0, y: 0, z: 0}
--- !u!212 &1969485448851108867
SpriteRenderer:
  m_ObjectHideFlags: 0
  m_CorrespondingSourceObject: {fileID: 0}
  m_PrefabInstance: {fileID: 0}
  m_PrefabAsset: {fileID: 0}
  m_GameObject: {fileID: 9176602276747321019}
  m_Enabled: 1
  m_CastShadows: 0
  m_ReceiveShadows: 0
  m_DynamicOccludee: 1
  m_MotionVectors: 1
  m_LightProbeUsage: 1
  m_ReflectionProbeUsage: 1
  m_RayTracingMode: 0
  m_RenderingLayerMask: 1
  m_RendererPriority: 0
  m_Materials:
  - {fileID: 10754, guid: 0000000000000000f000000000000000, type: 0}
  m_StaticBatchInfo:
    firstSubMesh: 0
    subMeshCount: 0
  m_StaticBatchRoot: {fileID: 0}
  m_ProbeAnchor: {fileID: 0}
  m_LightProbeVolumeOverride: {fileID: 0}
  m_ScaleInLightmap: 1
  m_ReceiveGI: 1
  m_PreserveUVs: 0
  m_IgnoreNormalsForChartDetection: 0
  m_ImportantGI: 0
  m_StitchLightmapSeams: 1
  m_SelectedEditorRenderState: 0
  m_MinimumChartSize: 4
  m_AutoUVMaxDistance: 0.5
  m_AutoUVMaxAngle: 89
  m_LightmapParameters: {fileID: 0}
  m_SortingLayerID: 0
  m_SortingLayer: 0
  m_SortingOrder: 0
  m_Sprite: {fileID: 21300000, guid: db996d9e665a22f4890278c92edefadd, type: 3}
  m_Color: {r: 0.4528302, g: 0.40797436, b: 0.40797436, a: 1}
  m_FlipX: 0
  m_FlipY: 0
  m_DrawMode: 0
  m_Size: {x: 6.91, y: 6.26}
  m_AdaptiveModeThreshold: 0.5
  m_SpriteTileMode: 0
  m_WasSpriteAssigned: 1
  m_MaskInteraction: 0
  m_SpriteSortPoint: 0
--- !u!1 &9198485861234805505
GameObject:
  m_ObjectHideFlags: 0
  m_CorrespondingSourceObject: {fileID: 0}
  m_PrefabInstance: {fileID: 0}
  m_PrefabAsset: {fileID: 0}
  serializedVersion: 6
  m_Component:
  - component: {fileID: 1189533930895026380}
  - component: {fileID: 328772313647450557}
  m_Layer: 0
  m_Name: suelo 2
  m_TagString: Untagged
  m_Icon: {fileID: 0}
  m_NavMeshLayer: 0
  m_StaticEditorFlags: 0
  m_IsActive: 1
--- !u!4 &1189533930895026380
Transform:
  m_ObjectHideFlags: 0
  m_CorrespondingSourceObject: {fileID: 0}
  m_PrefabInstance: {fileID: 0}
  m_PrefabAsset: {fileID: 0}
  m_GameObject: {fileID: 9198485861234805505}
  m_LocalRotation: {x: -0, y: -0, z: -0, w: 1}
  m_LocalPosition: {x: -8.9, y: -4.85, z: 3.14}
  m_LocalScale: {x: 1.1525786, y: 1.1902329, z: 1}
  m_Children: []
  m_Father: {fileID: 508250469282118116}
  m_RootOrder: 1
  m_LocalEulerAnglesHint: {x: 0, y: 0, z: 0}
--- !u!212 &328772313647450557
SpriteRenderer:
  m_ObjectHideFlags: 0
  m_CorrespondingSourceObject: {fileID: 0}
  m_PrefabInstance: {fileID: 0}
  m_PrefabAsset: {fileID: 0}
  m_GameObject: {fileID: 9198485861234805505}
  m_Enabled: 1
  m_CastShadows: 0
  m_ReceiveShadows: 0
  m_DynamicOccludee: 1
  m_MotionVectors: 1
  m_LightProbeUsage: 1
  m_ReflectionProbeUsage: 1
  m_RayTracingMode: 0
  m_RenderingLayerMask: 1
  m_RendererPriority: 0
  m_Materials:
  - {fileID: 10754, guid: 0000000000000000f000000000000000, type: 0}
  m_StaticBatchInfo:
    firstSubMesh: 0
    subMeshCount: 0
  m_StaticBatchRoot: {fileID: 0}
  m_ProbeAnchor: {fileID: 0}
  m_LightProbeVolumeOverride: {fileID: 0}
  m_ScaleInLightmap: 1
  m_ReceiveGI: 1
  m_PreserveUVs: 0
  m_IgnoreNormalsForChartDetection: 0
  m_ImportantGI: 0
  m_StitchLightmapSeams: 1
  m_SelectedEditorRenderState: 0
  m_MinimumChartSize: 4
  m_AutoUVMaxDistance: 0.5
  m_AutoUVMaxAngle: 89
  m_LightmapParameters: {fileID: 0}
  m_SortingLayerID: 0
  m_SortingLayer: 0
  m_SortingOrder: 0
  m_Sprite: {fileID: 21300000, guid: ce0c578d5eff4ef4baa9ba5ac2811bfd, type: 3}
  m_Color: {r: 0.5377358, g: 0.5377358, b: 0.5377358, a: 1}
  m_FlipX: 0
  m_FlipY: 0
  m_DrawMode: 0
  m_Size: {x: 8.42, y: 5.96}
  m_AdaptiveModeThreshold: 0.5
  m_SpriteTileMode: 0
  m_WasSpriteAssigned: 1
  m_MaskInteraction: 0
  m_SpriteSortPoint: 0
--- !u!1001 &85422377517279255
PrefabInstance:
  m_ObjectHideFlags: 0
  serializedVersion: 2
  m_Modification:
    m_TransformParent: {fileID: 508250469282118116}
    m_Modifications:
    - target: {fileID: 2771032650709832456, guid: 3356911ab7e96314e820cfa178cc0112,
        type: 3}
      propertyPath: m_Color.b
      value: 0.33962262
      objectReference: {fileID: 0}
    - target: {fileID: 2771032650709832456, guid: 3356911ab7e96314e820cfa178cc0112,
        type: 3}
      propertyPath: m_Color.g
      value: 0.33962262
      objectReference: {fileID: 0}
    - target: {fileID: 2771032650709832456, guid: 3356911ab7e96314e820cfa178cc0112,
        type: 3}
      propertyPath: m_Color.r
      value: 0.33962262
      objectReference: {fileID: 0}
    - target: {fileID: 6010136727544065156, guid: 3356911ab7e96314e820cfa178cc0112,
        type: 3}
      propertyPath: m_RootOrder
      value: 33
      objectReference: {fileID: 0}
    - target: {fileID: 6010136727544065156, guid: 3356911ab7e96314e820cfa178cc0112,
        type: 3}
      propertyPath: m_LocalPosition.x
      value: 12.57
      objectReference: {fileID: 0}
    - target: {fileID: 6010136727544065156, guid: 3356911ab7e96314e820cfa178cc0112,
        type: 3}
      propertyPath: m_LocalPosition.y
      value: -4.86
      objectReference: {fileID: 0}
    - target: {fileID: 6010136727544065156, guid: 3356911ab7e96314e820cfa178cc0112,
        type: 3}
      propertyPath: m_LocalPosition.z
      value: 3.16
      objectReference: {fileID: 0}
    - target: {fileID: 6010136727544065156, guid: 3356911ab7e96314e820cfa178cc0112,
        type: 3}
      propertyPath: m_LocalRotation.w
      value: 1
      objectReference: {fileID: 0}
    - target: {fileID: 6010136727544065156, guid: 3356911ab7e96314e820cfa178cc0112,
        type: 3}
      propertyPath: m_LocalRotation.x
      value: -0
      objectReference: {fileID: 0}
    - target: {fileID: 6010136727544065156, guid: 3356911ab7e96314e820cfa178cc0112,
        type: 3}
      propertyPath: m_LocalRotation.y
      value: -0
      objectReference: {fileID: 0}
    - target: {fileID: 6010136727544065156, guid: 3356911ab7e96314e820cfa178cc0112,
        type: 3}
      propertyPath: m_LocalRotation.z
      value: -0
      objectReference: {fileID: 0}
    - target: {fileID: 6010136727544065156, guid: 3356911ab7e96314e820cfa178cc0112,
        type: 3}
      propertyPath: m_LocalEulerAnglesHint.x
      value: 0
      objectReference: {fileID: 0}
    - target: {fileID: 6010136727544065156, guid: 3356911ab7e96314e820cfa178cc0112,
        type: 3}
      propertyPath: m_LocalEulerAnglesHint.y
      value: 0
      objectReference: {fileID: 0}
    - target: {fileID: 6010136727544065156, guid: 3356911ab7e96314e820cfa178cc0112,
        type: 3}
      propertyPath: m_LocalEulerAnglesHint.z
      value: 0
      objectReference: {fileID: 0}
    - target: {fileID: 7966011526346291766, guid: 3356911ab7e96314e820cfa178cc0112,
        type: 3}
      propertyPath: m_Name
      value: plataforma (9)
      objectReference: {fileID: 0}
    m_RemovedComponents: []
  m_SourcePrefab: {fileID: 100100000, guid: 3356911ab7e96314e820cfa178cc0112, type: 3}
--- !u!4 &5928760973824590995 stripped
Transform:
  m_CorrespondingSourceObject: {fileID: 6010136727544065156, guid: 3356911ab7e96314e820cfa178cc0112,
    type: 3}
  m_PrefabInstance: {fileID: 85422377517279255}
  m_PrefabAsset: {fileID: 0}
--- !u!1001 &819150842217506123
PrefabInstance:
  m_ObjectHideFlags: 0
  serializedVersion: 2
  m_Modification:
    m_TransformParent: {fileID: 508250469282118116}
    m_Modifications:
    - target: {fileID: 7098717776180194625, guid: fcd598bc491b0c2498302761f6d03b58,
        type: 3}
      propertyPath: m_RootOrder
      value: 23
      objectReference: {fileID: 0}
    - target: {fileID: 7098717776180194625, guid: fcd598bc491b0c2498302761f6d03b58,
        type: 3}
      propertyPath: m_LocalPosition.x
      value: 14.33
      objectReference: {fileID: 0}
    - target: {fileID: 7098717776180194625, guid: fcd598bc491b0c2498302761f6d03b58,
        type: 3}
      propertyPath: m_LocalPosition.y
      value: -4.97
      objectReference: {fileID: 0}
    - target: {fileID: 7098717776180194625, guid: fcd598bc491b0c2498302761f6d03b58,
        type: 3}
      propertyPath: m_LocalPosition.z
      value: 6.4
      objectReference: {fileID: 0}
    - target: {fileID: 7098717776180194625, guid: fcd598bc491b0c2498302761f6d03b58,
        type: 3}
      propertyPath: m_LocalRotation.w
      value: 1
      objectReference: {fileID: 0}
    - target: {fileID: 7098717776180194625, guid: fcd598bc491b0c2498302761f6d03b58,
        type: 3}
      propertyPath: m_LocalRotation.x
      value: -0
      objectReference: {fileID: 0}
    - target: {fileID: 7098717776180194625, guid: fcd598bc491b0c2498302761f6d03b58,
        type: 3}
      propertyPath: m_LocalRotation.y
      value: -0
      objectReference: {fileID: 0}
    - target: {fileID: 7098717776180194625, guid: fcd598bc491b0c2498302761f6d03b58,
        type: 3}
      propertyPath: m_LocalRotation.z
      value: -0
      objectReference: {fileID: 0}
    - target: {fileID: 7098717776180194625, guid: fcd598bc491b0c2498302761f6d03b58,
        type: 3}
      propertyPath: m_LocalEulerAnglesHint.x
      value: 0
      objectReference: {fileID: 0}
    - target: {fileID: 7098717776180194625, guid: fcd598bc491b0c2498302761f6d03b58,
        type: 3}
      propertyPath: m_LocalEulerAnglesHint.y
      value: 0
      objectReference: {fileID: 0}
    - target: {fileID: 7098717776180194625, guid: fcd598bc491b0c2498302761f6d03b58,
        type: 3}
      propertyPath: m_LocalEulerAnglesHint.z
      value: 0
      objectReference: {fileID: 0}
    - target: {fileID: 7098717776180194628, guid: fcd598bc491b0c2498302761f6d03b58,
        type: 3}
      propertyPath: m_Name
      value: obstaculo 1 (1)
      objectReference: {fileID: 0}
    m_RemovedComponents: []
  m_SourcePrefab: {fileID: 100100000, guid: fcd598bc491b0c2498302761f6d03b58, type: 3}
--- !u!4 &7628397848650745866 stripped
Transform:
  m_CorrespondingSourceObject: {fileID: 7098717776180194625, guid: fcd598bc491b0c2498302761f6d03b58,
    type: 3}
  m_PrefabInstance: {fileID: 819150842217506123}
  m_PrefabAsset: {fileID: 0}
--- !u!1 &7628397848650745871 stripped
GameObject:
  m_CorrespondingSourceObject: {fileID: 7098717776180194628, guid: fcd598bc491b0c2498302761f6d03b58,
    type: 3}
  m_PrefabInstance: {fileID: 819150842217506123}
  m_PrefabAsset: {fileID: 0}
--- !u!1001 &1140590646686525828
PrefabInstance:
  m_ObjectHideFlags: 0
  serializedVersion: 2
  m_Modification:
    m_TransformParent: {fileID: 508250469282118116}
    m_Modifications:
    - target: {fileID: 2771032650709832456, guid: 3356911ab7e96314e820cfa178cc0112,
        type: 3}
      propertyPath: m_Color.b
      value: 0.33962262
      objectReference: {fileID: 0}
    - target: {fileID: 2771032650709832456, guid: 3356911ab7e96314e820cfa178cc0112,
        type: 3}
      propertyPath: m_Color.g
      value: 0.33962262
      objectReference: {fileID: 0}
    - target: {fileID: 2771032650709832456, guid: 3356911ab7e96314e820cfa178cc0112,
        type: 3}
      propertyPath: m_Color.r
      value: 0.33962262
      objectReference: {fileID: 0}
    - target: {fileID: 6010136727544065156, guid: 3356911ab7e96314e820cfa178cc0112,
        type: 3}
      propertyPath: m_RootOrder
      value: 38
      objectReference: {fileID: 0}
    - target: {fileID: 6010136727544065156, guid: 3356911ab7e96314e820cfa178cc0112,
        type: 3}
      propertyPath: m_LocalPosition.x
      value: 16.661644
      objectReference: {fileID: 0}
    - target: {fileID: 6010136727544065156, guid: 3356911ab7e96314e820cfa178cc0112,
        type: 3}
      propertyPath: m_LocalPosition.y
      value: -4.86
      objectReference: {fileID: 0}
    - target: {fileID: 6010136727544065156, guid: 3356911ab7e96314e820cfa178cc0112,
        type: 3}
      propertyPath: m_LocalPosition.z
      value: 3.16
      objectReference: {fileID: 0}
    - target: {fileID: 6010136727544065156, guid: 3356911ab7e96314e820cfa178cc0112,
        type: 3}
      propertyPath: m_LocalRotation.w
      value: 1
      objectReference: {fileID: 0}
    - target: {fileID: 6010136727544065156, guid: 3356911ab7e96314e820cfa178cc0112,
        type: 3}
      propertyPath: m_LocalRotation.x
      value: -0
      objectReference: {fileID: 0}
    - target: {fileID: 6010136727544065156, guid: 3356911ab7e96314e820cfa178cc0112,
        type: 3}
      propertyPath: m_LocalRotation.y
      value: -0
      objectReference: {fileID: 0}
    - target: {fileID: 6010136727544065156, guid: 3356911ab7e96314e820cfa178cc0112,
        type: 3}
      propertyPath: m_LocalRotation.z
      value: -0
      objectReference: {fileID: 0}
    - target: {fileID: 6010136727544065156, guid: 3356911ab7e96314e820cfa178cc0112,
        type: 3}
      propertyPath: m_LocalEulerAnglesHint.x
      value: 0
      objectReference: {fileID: 0}
    - target: {fileID: 6010136727544065156, guid: 3356911ab7e96314e820cfa178cc0112,
        type: 3}
      propertyPath: m_LocalEulerAnglesHint.y
      value: 0
      objectReference: {fileID: 0}
    - target: {fileID: 6010136727544065156, guid: 3356911ab7e96314e820cfa178cc0112,
        type: 3}
      propertyPath: m_LocalEulerAnglesHint.z
      value: 0
      objectReference: {fileID: 0}
    - target: {fileID: 7966011526346291766, guid: 3356911ab7e96314e820cfa178cc0112,
        type: 3}
      propertyPath: m_Name
      value: plataforma (11)
      objectReference: {fileID: 0}
    m_RemovedComponents: []
  m_SourcePrefab: {fileID: 100100000, guid: 3356911ab7e96314e820cfa178cc0112, type: 3}
--- !u!4 &6682350795413308672 stripped
Transform:
  m_CorrespondingSourceObject: {fileID: 6010136727544065156, guid: 3356911ab7e96314e820cfa178cc0112,
    type: 3}
  m_PrefabInstance: {fileID: 1140590646686525828}
  m_PrefabAsset: {fileID: 0}
--- !u!1001 &1197213798467422907
PrefabInstance:
  m_ObjectHideFlags: 0
  serializedVersion: 2
  m_Modification:
    m_TransformParent: {fileID: 508250469282118116}
    m_Modifications:
    - target: {fileID: 2771032650709832456, guid: 3356911ab7e96314e820cfa178cc0112,
        type: 3}
      propertyPath: m_Color.b
      value: 0.33962262
      objectReference: {fileID: 0}
    - target: {fileID: 2771032650709832456, guid: 3356911ab7e96314e820cfa178cc0112,
        type: 3}
      propertyPath: m_Color.g
      value: 0.33962262
      objectReference: {fileID: 0}
    - target: {fileID: 2771032650709832456, guid: 3356911ab7e96314e820cfa178cc0112,
        type: 3}
      propertyPath: m_Color.r
      value: 0.33962262
      objectReference: {fileID: 0}
    - target: {fileID: 6010136727544065156, guid: 3356911ab7e96314e820cfa178cc0112,
        type: 3}
      propertyPath: m_RootOrder
      value: 28
      objectReference: {fileID: 0}
    - target: {fileID: 6010136727544065156, guid: 3356911ab7e96314e820cfa178cc0112,
        type: 3}
      propertyPath: m_LocalPosition.x
      value: 8.401644
      objectReference: {fileID: 0}
    - target: {fileID: 6010136727544065156, guid: 3356911ab7e96314e820cfa178cc0112,
        type: 3}
      propertyPath: m_LocalPosition.y
      value: -4.86
      objectReference: {fileID: 0}
    - target: {fileID: 6010136727544065156, guid: 3356911ab7e96314e820cfa178cc0112,
        type: 3}
      propertyPath: m_LocalPosition.z
      value: 3.1599998
      objectReference: {fileID: 0}
    - target: {fileID: 6010136727544065156, guid: 3356911ab7e96314e820cfa178cc0112,
        type: 3}
      propertyPath: m_LocalRotation.w
      value: 1
      objectReference: {fileID: 0}
    - target: {fileID: 6010136727544065156, guid: 3356911ab7e96314e820cfa178cc0112,
        type: 3}
      propertyPath: m_LocalRotation.x
      value: -0
      objectReference: {fileID: 0}
    - target: {fileID: 6010136727544065156, guid: 3356911ab7e96314e820cfa178cc0112,
        type: 3}
      propertyPath: m_LocalRotation.y
      value: -0
      objectReference: {fileID: 0}
    - target: {fileID: 6010136727544065156, guid: 3356911ab7e96314e820cfa178cc0112,
        type: 3}
      propertyPath: m_LocalRotation.z
      value: -0
      objectReference: {fileID: 0}
    - target: {fileID: 6010136727544065156, guid: 3356911ab7e96314e820cfa178cc0112,
        type: 3}
      propertyPath: m_LocalEulerAnglesHint.x
      value: 0
      objectReference: {fileID: 0}
    - target: {fileID: 6010136727544065156, guid: 3356911ab7e96314e820cfa178cc0112,
        type: 3}
      propertyPath: m_LocalEulerAnglesHint.y
      value: 0
      objectReference: {fileID: 0}
    - target: {fileID: 6010136727544065156, guid: 3356911ab7e96314e820cfa178cc0112,
        type: 3}
      propertyPath: m_LocalEulerAnglesHint.z
      value: 0
      objectReference: {fileID: 0}
    - target: {fileID: 7966011526346291766, guid: 3356911ab7e96314e820cfa178cc0112,
        type: 3}
      propertyPath: m_Name
      value: plataforma (4)
      objectReference: {fileID: 0}
    m_RemovedComponents: []
  m_SourcePrefab: {fileID: 100100000, guid: 3356911ab7e96314e820cfa178cc0112, type: 3}
--- !u!4 &4896837873440007743 stripped
Transform:
  m_CorrespondingSourceObject: {fileID: 6010136727544065156, guid: 3356911ab7e96314e820cfa178cc0112,
    type: 3}
  m_PrefabInstance: {fileID: 1197213798467422907}
  m_PrefabAsset: {fileID: 0}
--- !u!1001 &2477578633394751130
PrefabInstance:
  m_ObjectHideFlags: 0
  serializedVersion: 2
  m_Modification:
    m_TransformParent: {fileID: 508250469282118116}
    m_Modifications:
    - target: {fileID: 7098717776180194625, guid: fcd598bc491b0c2498302761f6d03b58,
        type: 3}
      propertyPath: m_RootOrder
      value: 22
      objectReference: {fileID: 0}
    - target: {fileID: 7098717776180194625, guid: fcd598bc491b0c2498302761f6d03b58,
        type: 3}
      propertyPath: m_LocalPosition.x
      value: 2.88
      objectReference: {fileID: 0}
    - target: {fileID: 7098717776180194625, guid: fcd598bc491b0c2498302761f6d03b58,
        type: 3}
      propertyPath: m_LocalPosition.y
      value: -4.97
      objectReference: {fileID: 0}
    - target: {fileID: 7098717776180194625, guid: fcd598bc491b0c2498302761f6d03b58,
        type: 3}
      propertyPath: m_LocalPosition.z
      value: 6.4
      objectReference: {fileID: 0}
    - target: {fileID: 7098717776180194625, guid: fcd598bc491b0c2498302761f6d03b58,
        type: 3}
      propertyPath: m_LocalRotation.w
      value: 1
      objectReference: {fileID: 0}
    - target: {fileID: 7098717776180194625, guid: fcd598bc491b0c2498302761f6d03b58,
        type: 3}
      propertyPath: m_LocalRotation.x
      value: -0
      objectReference: {fileID: 0}
    - target: {fileID: 7098717776180194625, guid: fcd598bc491b0c2498302761f6d03b58,
        type: 3}
      propertyPath: m_LocalRotation.y
      value: -0
      objectReference: {fileID: 0}
    - target: {fileID: 7098717776180194625, guid: fcd598bc491b0c2498302761f6d03b58,
        type: 3}
      propertyPath: m_LocalRotation.z
      value: -0
      objectReference: {fileID: 0}
    - target: {fileID: 7098717776180194625, guid: fcd598bc491b0c2498302761f6d03b58,
        type: 3}
      propertyPath: m_LocalEulerAnglesHint.x
      value: 0
      objectReference: {fileID: 0}
    - target: {fileID: 7098717776180194625, guid: fcd598bc491b0c2498302761f6d03b58,
        type: 3}
      propertyPath: m_LocalEulerAnglesHint.y
      value: 0
      objectReference: {fileID: 0}
    - target: {fileID: 7098717776180194625, guid: fcd598bc491b0c2498302761f6d03b58,
        type: 3}
      propertyPath: m_LocalEulerAnglesHint.z
      value: 0
      objectReference: {fileID: 0}
    - target: {fileID: 7098717776180194628, guid: fcd598bc491b0c2498302761f6d03b58,
        type: 3}
      propertyPath: m_Name
      value: obstaculo 1
      objectReference: {fileID: 0}
    m_RemovedComponents: []
  m_SourcePrefab: {fileID: 100100000, guid: fcd598bc491b0c2498302761f6d03b58, type: 3}
--- !u!4 &4675183463931784155 stripped
Transform:
  m_CorrespondingSourceObject: {fileID: 7098717776180194625, guid: fcd598bc491b0c2498302761f6d03b58,
    type: 3}
  m_PrefabInstance: {fileID: 2477578633394751130}
  m_PrefabAsset: {fileID: 0}
--- !u!1 &4675183463931784158 stripped
GameObject:
  m_CorrespondingSourceObject: {fileID: 7098717776180194628, guid: fcd598bc491b0c2498302761f6d03b58,
    type: 3}
  m_PrefabInstance: {fileID: 2477578633394751130}
  m_PrefabAsset: {fileID: 0}
--- !u!1001 &3216896130924950059
PrefabInstance:
  m_ObjectHideFlags: 0
  serializedVersion: 2
  m_Modification:
    m_TransformParent: {fileID: 508250469282118116}
    m_Modifications:
    - target: {fileID: 2771032650709832456, guid: 3356911ab7e96314e820cfa178cc0112,
        type: 3}
      propertyPath: m_Color.b
      value: 0.33962262
      objectReference: {fileID: 0}
    - target: {fileID: 2771032650709832456, guid: 3356911ab7e96314e820cfa178cc0112,
        type: 3}
      propertyPath: m_Color.g
      value: 0.33962262
      objectReference: {fileID: 0}
    - target: {fileID: 2771032650709832456, guid: 3356911ab7e96314e820cfa178cc0112,
        type: 3}
      propertyPath: m_Color.r
      value: 0.33962262
      objectReference: {fileID: 0}
    - target: {fileID: 6010136727544065156, guid: 3356911ab7e96314e820cfa178cc0112,
        type: 3}
      propertyPath: m_RootOrder
      value: 30
      objectReference: {fileID: 0}
    - target: {fileID: 6010136727544065156, guid: 3356911ab7e96314e820cfa178cc0112,
        type: 3}
      propertyPath: m_LocalPosition.x
      value: 3.61
      objectReference: {fileID: 0}
    - target: {fileID: 6010136727544065156, guid: 3356911ab7e96314e820cfa178cc0112,
        type: 3}
      propertyPath: m_LocalPosition.y
      value: -4.86
      objectReference: {fileID: 0}
    - target: {fileID: 6010136727544065156, guid: 3356911ab7e96314e820cfa178cc0112,
        type: 3}
      propertyPath: m_LocalPosition.z
      value: 3.1599998
      objectReference: {fileID: 0}
    - target: {fileID: 6010136727544065156, guid: 3356911ab7e96314e820cfa178cc0112,
        type: 3}
      propertyPath: m_LocalRotation.w
      value: 1
      objectReference: {fileID: 0}
    - target: {fileID: 6010136727544065156, guid: 3356911ab7e96314e820cfa178cc0112,
        type: 3}
      propertyPath: m_LocalRotation.x
      value: -0
      objectReference: {fileID: 0}
    - target: {fileID: 6010136727544065156, guid: 3356911ab7e96314e820cfa178cc0112,
        type: 3}
      propertyPath: m_LocalRotation.y
      value: -0
      objectReference: {fileID: 0}
    - target: {fileID: 6010136727544065156, guid: 3356911ab7e96314e820cfa178cc0112,
        type: 3}
      propertyPath: m_LocalRotation.z
      value: -0
      objectReference: {fileID: 0}
    - target: {fileID: 6010136727544065156, guid: 3356911ab7e96314e820cfa178cc0112,
        type: 3}
      propertyPath: m_LocalEulerAnglesHint.x
      value: 0
      objectReference: {fileID: 0}
    - target: {fileID: 6010136727544065156, guid: 3356911ab7e96314e820cfa178cc0112,
        type: 3}
      propertyPath: m_LocalEulerAnglesHint.y
      value: 0
      objectReference: {fileID: 0}
    - target: {fileID: 6010136727544065156, guid: 3356911ab7e96314e820cfa178cc0112,
        type: 3}
      propertyPath: m_LocalEulerAnglesHint.z
      value: 0
      objectReference: {fileID: 0}
    - target: {fileID: 7966011526346291766, guid: 3356911ab7e96314e820cfa178cc0112,
        type: 3}
      propertyPath: m_Name
      value: plataforma (6)
      objectReference: {fileID: 0}
    m_RemovedComponents: []
  m_SourcePrefab: {fileID: 100100000, guid: 3356911ab7e96314e820cfa178cc0112, type: 3}
--- !u!4 &9209015155249569455 stripped
Transform:
  m_CorrespondingSourceObject: {fileID: 6010136727544065156, guid: 3356911ab7e96314e820cfa178cc0112,
    type: 3}
  m_PrefabInstance: {fileID: 3216896130924950059}
  m_PrefabAsset: {fileID: 0}
--- !u!1001 &5093907574044600209
PrefabInstance:
  m_ObjectHideFlags: 0
  serializedVersion: 2
  m_Modification:
    m_TransformParent: {fileID: 508250469282118116}
    m_Modifications:
    - target: {fileID: 7098717776180194625, guid: fcd598bc491b0c2498302761f6d03b58,
        type: 3}
      propertyPath: m_RootOrder
      value: 34
      objectReference: {fileID: 0}
    - target: {fileID: 7098717776180194625, guid: fcd598bc491b0c2498302761f6d03b58,
        type: 3}
      propertyPath: m_LocalPosition.x
      value: 2.871644
      objectReference: {fileID: 0}
    - target: {fileID: 7098717776180194625, guid: fcd598bc491b0c2498302761f6d03b58,
        type: 3}
      propertyPath: m_LocalPosition.y
      value: -2.7200003
      objectReference: {fileID: 0}
    - target: {fileID: 7098717776180194625, guid: fcd598bc491b0c2498302761f6d03b58,
        type: 3}
      propertyPath: m_LocalPosition.z
      value: 5.87
      objectReference: {fileID: 0}
    - target: {fileID: 7098717776180194625, guid: fcd598bc491b0c2498302761f6d03b58,
        type: 3}
      propertyPath: m_LocalRotation.w
      value: 1
      objectReference: {fileID: 0}
    - target: {fileID: 7098717776180194625, guid: fcd598bc491b0c2498302761f6d03b58,
        type: 3}
      propertyPath: m_LocalRotation.x
      value: -0
      objectReference: {fileID: 0}
    - target: {fileID: 7098717776180194625, guid: fcd598bc491b0c2498302761f6d03b58,
        type: 3}
      propertyPath: m_LocalRotation.y
      value: -0
      objectReference: {fileID: 0}
    - target: {fileID: 7098717776180194625, guid: fcd598bc491b0c2498302761f6d03b58,
        type: 3}
      propertyPath: m_LocalRotation.z
      value: -0
      objectReference: {fileID: 0}
    - target: {fileID: 7098717776180194625, guid: fcd598bc491b0c2498302761f6d03b58,
        type: 3}
      propertyPath: m_LocalEulerAnglesHint.x
      value: 0
      objectReference: {fileID: 0}
    - target: {fileID: 7098717776180194625, guid: fcd598bc491b0c2498302761f6d03b58,
        type: 3}
      propertyPath: m_LocalEulerAnglesHint.y
      value: 0
      objectReference: {fileID: 0}
    - target: {fileID: 7098717776180194625, guid: fcd598bc491b0c2498302761f6d03b58,
        type: 3}
      propertyPath: m_LocalEulerAnglesHint.z
      value: 0
      objectReference: {fileID: 0}
    - target: {fileID: 7098717776180194628, guid: fcd598bc491b0c2498302761f6d03b58,
        type: 3}
      propertyPath: m_Name
      value: obstaculo 1 (2)
      objectReference: {fileID: 0}
    m_RemovedComponents: []
  m_SourcePrefab: {fileID: 100100000, guid: fcd598bc491b0c2498302761f6d03b58, type: 3}
--- !u!1 &2608296426666527445 stripped
GameObject:
  m_CorrespondingSourceObject: {fileID: 7098717776180194628, guid: fcd598bc491b0c2498302761f6d03b58,
    type: 3}
  m_PrefabInstance: {fileID: 5093907574044600209}
  m_PrefabAsset: {fileID: 0}
--- !u!4 &2608296426666527440 stripped
Transform:
  m_CorrespondingSourceObject: {fileID: 7098717776180194625, guid: fcd598bc491b0c2498302761f6d03b58,
    type: 3}
  m_PrefabInstance: {fileID: 5093907574044600209}
  m_PrefabAsset: {fileID: 0}
--- !u!1001 &5322613747531957213
PrefabInstance:
  m_ObjectHideFlags: 0
  serializedVersion: 2
  m_Modification:
    m_TransformParent: {fileID: 508250469282118116}
    m_Modifications:
    - target: {fileID: 2771032650709832456, guid: 3356911ab7e96314e820cfa178cc0112,
        type: 3}
      propertyPath: m_Color.b
      value: 0.33962262
      objectReference: {fileID: 0}
    - target: {fileID: 2771032650709832456, guid: 3356911ab7e96314e820cfa178cc0112,
        type: 3}
      propertyPath: m_Color.g
      value: 0.33962262
      objectReference: {fileID: 0}
    - target: {fileID: 2771032650709832456, guid: 3356911ab7e96314e820cfa178cc0112,
        type: 3}
      propertyPath: m_Color.r
      value: 0.33962262
      objectReference: {fileID: 0}
    - target: {fileID: 6010136727544065156, guid: 3356911ab7e96314e820cfa178cc0112,
        type: 3}
      propertyPath: m_RootOrder
      value: 37
      objectReference: {fileID: 0}
    - target: {fileID: 6010136727544065156, guid: 3356911ab7e96314e820cfa178cc0112,
        type: 3}
      propertyPath: m_LocalPosition.x
      value: 14.19
      objectReference: {fileID: 0}
    - target: {fileID: 6010136727544065156, guid: 3356911ab7e96314e820cfa178cc0112,
        type: 3}
      propertyPath: m_LocalPosition.y
      value: -4.86
      objectReference: {fileID: 0}
    - target: {fileID: 6010136727544065156, guid: 3356911ab7e96314e820cfa178cc0112,
        type: 3}
      propertyPath: m_LocalPosition.z
      value: 3.1599998
      objectReference: {fileID: 0}
    - target: {fileID: 6010136727544065156, guid: 3356911ab7e96314e820cfa178cc0112,
        type: 3}
      propertyPath: m_LocalRotation.w
      value: 1
      objectReference: {fileID: 0}
    - target: {fileID: 6010136727544065156, guid: 3356911ab7e96314e820cfa178cc0112,
        type: 3}
      propertyPath: m_LocalRotation.x
      value: -0
      objectReference: {fileID: 0}
    - target: {fileID: 6010136727544065156, guid: 3356911ab7e96314e820cfa178cc0112,
        type: 3}
      propertyPath: m_LocalRotation.y
      value: -0
      objectReference: {fileID: 0}
    - target: {fileID: 6010136727544065156, guid: 3356911ab7e96314e820cfa178cc0112,
        type: 3}
      propertyPath: m_LocalRotation.z
      value: -0
      objectReference: {fileID: 0}
    - target: {fileID: 6010136727544065156, guid: 3356911ab7e96314e820cfa178cc0112,
        type: 3}
      propertyPath: m_LocalEulerAnglesHint.x
      value: 0
      objectReference: {fileID: 0}
    - target: {fileID: 6010136727544065156, guid: 3356911ab7e96314e820cfa178cc0112,
        type: 3}
      propertyPath: m_LocalEulerAnglesHint.y
      value: 0
      objectReference: {fileID: 0}
    - target: {fileID: 6010136727544065156, guid: 3356911ab7e96314e820cfa178cc0112,
        type: 3}
      propertyPath: m_LocalEulerAnglesHint.z
      value: 0
      objectReference: {fileID: 0}
    - target: {fileID: 7966011526346291766, guid: 3356911ab7e96314e820cfa178cc0112,
        type: 3}
      propertyPath: m_Name
      value: plataforma (10)
      objectReference: {fileID: 0}
    m_RemovedComponents: []
  m_SourcePrefab: {fileID: 100100000, guid: 3356911ab7e96314e820cfa178cc0112, type: 3}
--- !u!4 &1924711057986301785 stripped
Transform:
  m_CorrespondingSourceObject: {fileID: 6010136727544065156, guid: 3356911ab7e96314e820cfa178cc0112,
    type: 3}
  m_PrefabInstance: {fileID: 5322613747531957213}
  m_PrefabAsset: {fileID: 0}
--- !u!1001 &5607975501186069581
PrefabInstance:
  m_ObjectHideFlags: 0
  serializedVersion: 2
  m_Modification:
    m_TransformParent: {fileID: 508250469282118116}
    m_Modifications:
    - target: {fileID: 2771032650709832456, guid: 3356911ab7e96314e820cfa178cc0112,
        type: 3}
      propertyPath: m_Color.b
      value: 0.33962262
      objectReference: {fileID: 0}
    - target: {fileID: 2771032650709832456, guid: 3356911ab7e96314e820cfa178cc0112,
        type: 3}
      propertyPath: m_Color.g
      value: 0.33962262
      objectReference: {fileID: 0}
    - target: {fileID: 2771032650709832456, guid: 3356911ab7e96314e820cfa178cc0112,
        type: 3}
      propertyPath: m_Color.r
      value: 0.33962262
      objectReference: {fileID: 0}
    - target: {fileID: 6010136727544065156, guid: 3356911ab7e96314e820cfa178cc0112,
        type: 3}
      propertyPath: m_RootOrder
      value: 39
      objectReference: {fileID: 0}
    - target: {fileID: 6010136727544065156, guid: 3356911ab7e96314e820cfa178cc0112,
        type: 3}
      propertyPath: m_LocalPosition.x
      value: 18.358355
      objectReference: {fileID: 0}
    - target: {fileID: 6010136727544065156, guid: 3356911ab7e96314e820cfa178cc0112,
        type: 3}
      propertyPath: m_LocalPosition.y
      value: -4.86
      objectReference: {fileID: 0}
    - target: {fileID: 6010136727544065156, guid: 3356911ab7e96314e820cfa178cc0112,
        type: 3}
      propertyPath: m_LocalPosition.z
      value: 3.16
      objectReference: {fileID: 0}
    - target: {fileID: 6010136727544065156, guid: 3356911ab7e96314e820cfa178cc0112,
        type: 3}
      propertyPath: m_LocalRotation.w
      value: 1
      objectReference: {fileID: 0}
    - target: {fileID: 6010136727544065156, guid: 3356911ab7e96314e820cfa178cc0112,
        type: 3}
      propertyPath: m_LocalRotation.x
      value: -0
      objectReference: {fileID: 0}
    - target: {fileID: 6010136727544065156, guid: 3356911ab7e96314e820cfa178cc0112,
        type: 3}
      propertyPath: m_LocalRotation.y
      value: -0
      objectReference: {fileID: 0}
    - target: {fileID: 6010136727544065156, guid: 3356911ab7e96314e820cfa178cc0112,
        type: 3}
      propertyPath: m_LocalRotation.z
      value: -0
      objectReference: {fileID: 0}
    - target: {fileID: 6010136727544065156, guid: 3356911ab7e96314e820cfa178cc0112,
        type: 3}
      propertyPath: m_LocalEulerAnglesHint.x
      value: 0
      objectReference: {fileID: 0}
    - target: {fileID: 6010136727544065156, guid: 3356911ab7e96314e820cfa178cc0112,
        type: 3}
      propertyPath: m_LocalEulerAnglesHint.y
      value: 0
      objectReference: {fileID: 0}
    - target: {fileID: 6010136727544065156, guid: 3356911ab7e96314e820cfa178cc0112,
        type: 3}
      propertyPath: m_LocalEulerAnglesHint.z
      value: 0
      objectReference: {fileID: 0}
    - target: {fileID: 7966011526346291766, guid: 3356911ab7e96314e820cfa178cc0112,
        type: 3}
      propertyPath: m_Name
      value: plataforma (12)
      objectReference: {fileID: 0}
    m_RemovedComponents: []
  m_SourcePrefab: {fileID: 100100000, guid: 3356911ab7e96314e820cfa178cc0112, type: 3}
--- !u!4 &2214578610021537993 stripped
Transform:
  m_CorrespondingSourceObject: {fileID: 6010136727544065156, guid: 3356911ab7e96314e820cfa178cc0112,
    type: 3}
  m_PrefabInstance: {fileID: 5607975501186069581}
  m_PrefabAsset: {fileID: 0}
--- !u!1001 &6469170785418069270
PrefabInstance:
  m_ObjectHideFlags: 0
  serializedVersion: 2
  m_Modification:
    m_TransformParent: {fileID: 508250469282118116}
    m_Modifications:
    - target: {fileID: 2771032650709832456, guid: 3356911ab7e96314e820cfa178cc0112,
        type: 3}
      propertyPath: m_Color.b
      value: 0.33962262
      objectReference: {fileID: 0}
    - target: {fileID: 2771032650709832456, guid: 3356911ab7e96314e820cfa178cc0112,
        type: 3}
      propertyPath: m_Color.g
      value: 0.33962262
      objectReference: {fileID: 0}
    - target: {fileID: 2771032650709832456, guid: 3356911ab7e96314e820cfa178cc0112,
        type: 3}
      propertyPath: m_Color.r
      value: 0.33962262
      objectReference: {fileID: 0}
    - target: {fileID: 6010136727544065156, guid: 3356911ab7e96314e820cfa178cc0112,
        type: 3}
      propertyPath: m_RootOrder
      value: 29
      objectReference: {fileID: 0}
    - target: {fileID: 6010136727544065156, guid: 3356911ab7e96314e820cfa178cc0112,
        type: 3}
      propertyPath: m_LocalPosition.x
      value: 10.873288
      objectReference: {fileID: 0}
    - target: {fileID: 6010136727544065156, guid: 3356911ab7e96314e820cfa178cc0112,
        type: 3}
      propertyPath: m_LocalPosition.y
      value: -4.86
      objectReference: {fileID: 0}
    - target: {fileID: 6010136727544065156, guid: 3356911ab7e96314e820cfa178cc0112,
        type: 3}
      propertyPath: m_LocalPosition.z
      value: 3.16
      objectReference: {fileID: 0}
    - target: {fileID: 6010136727544065156, guid: 3356911ab7e96314e820cfa178cc0112,
        type: 3}
      propertyPath: m_LocalRotation.w
      value: 1
      objectReference: {fileID: 0}
    - target: {fileID: 6010136727544065156, guid: 3356911ab7e96314e820cfa178cc0112,
        type: 3}
      propertyPath: m_LocalRotation.x
      value: -0
      objectReference: {fileID: 0}
    - target: {fileID: 6010136727544065156, guid: 3356911ab7e96314e820cfa178cc0112,
        type: 3}
      propertyPath: m_LocalRotation.y
      value: -0
      objectReference: {fileID: 0}
    - target: {fileID: 6010136727544065156, guid: 3356911ab7e96314e820cfa178cc0112,
        type: 3}
      propertyPath: m_LocalRotation.z
      value: -0
      objectReference: {fileID: 0}
    - target: {fileID: 6010136727544065156, guid: 3356911ab7e96314e820cfa178cc0112,
        type: 3}
      propertyPath: m_LocalEulerAnglesHint.x
      value: 0
      objectReference: {fileID: 0}
    - target: {fileID: 6010136727544065156, guid: 3356911ab7e96314e820cfa178cc0112,
        type: 3}
      propertyPath: m_LocalEulerAnglesHint.y
      value: 0
      objectReference: {fileID: 0}
    - target: {fileID: 6010136727544065156, guid: 3356911ab7e96314e820cfa178cc0112,
        type: 3}
      propertyPath: m_LocalEulerAnglesHint.z
      value: 0
      objectReference: {fileID: 0}
    - target: {fileID: 7966011526346291766, guid: 3356911ab7e96314e820cfa178cc0112,
        type: 3}
      propertyPath: m_Name
      value: plataforma (5)
      objectReference: {fileID: 0}
    m_RemovedComponents: []
  m_SourcePrefab: {fileID: 100100000, guid: 3356911ab7e96314e820cfa178cc0112, type: 3}
--- !u!4 &769929784731314578 stripped
Transform:
  m_CorrespondingSourceObject: {fileID: 6010136727544065156, guid: 3356911ab7e96314e820cfa178cc0112,
    type: 3}
  m_PrefabInstance: {fileID: 6469170785418069270}
  m_PrefabAsset: {fileID: 0}
--- !u!1001 &7347846525256099798
PrefabInstance:
  m_ObjectHideFlags: 0
  serializedVersion: 2
  m_Modification:
    m_TransformParent: {fileID: 508250469282118116}
    m_Modifications:
    - target: {fileID: 2771032650709832456, guid: 3356911ab7e96314e820cfa178cc0112,
        type: 3}
      propertyPath: m_Color.b
      value: 0.33962262
      objectReference: {fileID: 0}
    - target: {fileID: 2771032650709832456, guid: 3356911ab7e96314e820cfa178cc0112,
        type: 3}
      propertyPath: m_Color.g
      value: 0.33962262
      objectReference: {fileID: 0}
    - target: {fileID: 2771032650709832456, guid: 3356911ab7e96314e820cfa178cc0112,
        type: 3}
      propertyPath: m_Color.r
      value: 0.33962262
      objectReference: {fileID: 0}
    - target: {fileID: 6010136727544065156, guid: 3356911ab7e96314e820cfa178cc0112,
        type: 3}
      propertyPath: m_RootOrder
      value: 31
      objectReference: {fileID: 0}
    - target: {fileID: 6010136727544065156, guid: 3356911ab7e96314e820cfa178cc0112,
        type: 3}
      propertyPath: m_LocalPosition.x
      value: 6.081644
      objectReference: {fileID: 0}
    - target: {fileID: 6010136727544065156, guid: 3356911ab7e96314e820cfa178cc0112,
        type: 3}
      propertyPath: m_LocalPosition.y
      value: -4.86
      objectReference: {fileID: 0}
    - target: {fileID: 6010136727544065156, guid: 3356911ab7e96314e820cfa178cc0112,
        type: 3}
      propertyPath: m_LocalPosition.z
      value: 3.16
      objectReference: {fileID: 0}
    - target: {fileID: 6010136727544065156, guid: 3356911ab7e96314e820cfa178cc0112,
        type: 3}
      propertyPath: m_LocalRotation.w
      value: 1
      objectReference: {fileID: 0}
    - target: {fileID: 6010136727544065156, guid: 3356911ab7e96314e820cfa178cc0112,
        type: 3}
      propertyPath: m_LocalRotation.x
      value: -0
      objectReference: {fileID: 0}
    - target: {fileID: 6010136727544065156, guid: 3356911ab7e96314e820cfa178cc0112,
        type: 3}
      propertyPath: m_LocalRotation.y
      value: -0
      objectReference: {fileID: 0}
    - target: {fileID: 6010136727544065156, guid: 3356911ab7e96314e820cfa178cc0112,
        type: 3}
      propertyPath: m_LocalRotation.z
      value: -0
      objectReference: {fileID: 0}
    - target: {fileID: 6010136727544065156, guid: 3356911ab7e96314e820cfa178cc0112,
        type: 3}
      propertyPath: m_LocalEulerAnglesHint.x
      value: 0
      objectReference: {fileID: 0}
    - target: {fileID: 6010136727544065156, guid: 3356911ab7e96314e820cfa178cc0112,
        type: 3}
      propertyPath: m_LocalEulerAnglesHint.y
      value: 0
      objectReference: {fileID: 0}
    - target: {fileID: 6010136727544065156, guid: 3356911ab7e96314e820cfa178cc0112,
        type: 3}
      propertyPath: m_LocalEulerAnglesHint.z
      value: 0
      objectReference: {fileID: 0}
    - target: {fileID: 7966011526346291766, guid: 3356911ab7e96314e820cfa178cc0112,
        type: 3}
      propertyPath: m_Name
      value: plataforma (7)
      objectReference: {fileID: 0}
    m_RemovedComponents: []
  m_SourcePrefab: {fileID: 100100000, guid: 3356911ab7e96314e820cfa178cc0112, type: 3}
--- !u!4 &3931784282857573202 stripped
Transform:
  m_CorrespondingSourceObject: {fileID: 6010136727544065156, guid: 3356911ab7e96314e820cfa178cc0112,
    type: 3}
  m_PrefabInstance: {fileID: 7347846525256099798}
  m_PrefabAsset: {fileID: 0}
--- !u!1001 &8716760237328031518
PrefabInstance:
  m_ObjectHideFlags: 0
  serializedVersion: 2
  m_Modification:
    m_TransformParent: {fileID: 508250469282118116}
    m_Modifications:
    - target: {fileID: 2771032650709832456, guid: 3356911ab7e96314e820cfa178cc0112,
        type: 3}
      propertyPath: m_Color.b
      value: 0.33962262
      objectReference: {fileID: 0}
    - target: {fileID: 2771032650709832456, guid: 3356911ab7e96314e820cfa178cc0112,
        type: 3}
      propertyPath: m_Color.g
      value: 0.33962262
      objectReference: {fileID: 0}
    - target: {fileID: 2771032650709832456, guid: 3356911ab7e96314e820cfa178cc0112,
        type: 3}
      propertyPath: m_Color.r
      value: 0.33962262
      objectReference: {fileID: 0}
    - target: {fileID: 6010136727544065156, guid: 3356911ab7e96314e820cfa178cc0112,
        type: 3}
      propertyPath: m_RootOrder
      value: 32
      objectReference: {fileID: 0}
    - target: {fileID: 6010136727544065156, guid: 3356911ab7e96314e820cfa178cc0112,
        type: 3}
      propertyPath: m_LocalPosition.x
      value: 6.418356
      objectReference: {fileID: 0}
    - target: {fileID: 6010136727544065156, guid: 3356911ab7e96314e820cfa178cc0112,
        type: 3}
      propertyPath: m_LocalPosition.y
      value: -4.77
      objectReference: {fileID: 0}
    - target: {fileID: 6010136727544065156, guid: 3356911ab7e96314e820cfa178cc0112,
        type: 3}
      propertyPath: m_LocalPosition.z
      value: 3.1599998
      objectReference: {fileID: 0}
    - target: {fileID: 6010136727544065156, guid: 3356911ab7e96314e820cfa178cc0112,
        type: 3}
      propertyPath: m_LocalRotation.w
      value: 1
      objectReference: {fileID: 0}
    - target: {fileID: 6010136727544065156, guid: 3356911ab7e96314e820cfa178cc0112,
        type: 3}
      propertyPath: m_LocalRotation.x
      value: -0
      objectReference: {fileID: 0}
    - target: {fileID: 6010136727544065156, guid: 3356911ab7e96314e820cfa178cc0112,
        type: 3}
      propertyPath: m_LocalRotation.y
      value: -0
      objectReference: {fileID: 0}
    - target: {fileID: 6010136727544065156, guid: 3356911ab7e96314e820cfa178cc0112,
        type: 3}
      propertyPath: m_LocalRotation.z
      value: -0
      objectReference: {fileID: 0}
    - target: {fileID: 6010136727544065156, guid: 3356911ab7e96314e820cfa178cc0112,
        type: 3}
      propertyPath: m_LocalEulerAnglesHint.x
      value: 0
      objectReference: {fileID: 0}
    - target: {fileID: 6010136727544065156, guid: 3356911ab7e96314e820cfa178cc0112,
        type: 3}
      propertyPath: m_LocalEulerAnglesHint.y
      value: 0
      objectReference: {fileID: 0}
    - target: {fileID: 6010136727544065156, guid: 3356911ab7e96314e820cfa178cc0112,
        type: 3}
      propertyPath: m_LocalEulerAnglesHint.z
      value: 0
      objectReference: {fileID: 0}
    - target: {fileID: 7966011526346291766, guid: 3356911ab7e96314e820cfa178cc0112,
        type: 3}
      propertyPath: m_Name
      value: plataforma (8)
      objectReference: {fileID: 0}
    m_RemovedComponents: []
  m_SourcePrefab: {fileID: 100100000, guid: 3356911ab7e96314e820cfa178cc0112, type: 3}
--- !u!4 &3139128521207919514 stripped
Transform:
  m_CorrespondingSourceObject: {fileID: 6010136727544065156, guid: 3356911ab7e96314e820cfa178cc0112,
    type: 3}
  m_PrefabInstance: {fileID: 8716760237328031518}
  m_PrefabAsset: {fileID: 0}
