%YAML 1.1
%TAG !u! tag:unity3d.com,2011:
--- !u!1 &508250468354399280
GameObject:
  m_ObjectHideFlags: 0
  m_CorrespondingSourceObject: {fileID: 0}
  m_PrefabInstance: {fileID: 0}
  m_PrefabAsset: {fileID: 0}
  serializedVersion: 6
  m_Component:
  - component: {fileID: 508250468354399293}
  - component: {fileID: 508250468354399294}
  - component: {fileID: 508250468354399295}
  m_Layer: 0
  m_Name: plataforma
  m_TagString: Untagged
  m_Icon: {fileID: 0}
  m_NavMeshLayer: 0
  m_StaticEditorFlags: 0
  m_IsActive: 1
--- !u!4 &508250468354399293
Transform:
  m_ObjectHideFlags: 0
  m_CorrespondingSourceObject: {fileID: 0}
  m_PrefabInstance: {fileID: 0}
  m_PrefabAsset: {fileID: 0}
  m_GameObject: {fileID: 508250468354399280}
  m_LocalRotation: {x: -0, y: -0, z: -0, w: 1}
  m_LocalPosition: {x: 2.9888146, y: -6.563377, z: 4.5528703}
  m_LocalScale: {x: 33, y: 1.9300249, z: 1}
  m_Children: []
  m_Father: {fileID: 508250469282118116}
  m_RootOrder: 1
  m_LocalEulerAnglesHint: {x: 0, y: 0, z: 0}
--- !u!212 &508250468354399294
SpriteRenderer:
  m_ObjectHideFlags: 0
  m_CorrespondingSourceObject: {fileID: 0}
  m_PrefabInstance: {fileID: 0}
  m_PrefabAsset: {fileID: 0}
  m_GameObject: {fileID: 508250468354399280}
  m_Enabled: 1
  m_CastShadows: 0
  m_ReceiveShadows: 0
  m_DynamicOccludee: 1
  m_MotionVectors: 1
  m_LightProbeUsage: 1
  m_ReflectionProbeUsage: 1
  m_RayTracingMode: 0
  m_RenderingLayerMask: 1
  m_RendererPriority: 0
  m_Materials:
  - {fileID: 10754, guid: 0000000000000000f000000000000000, type: 0}
  m_StaticBatchInfo:
    firstSubMesh: 0
    subMeshCount: 0
  m_StaticBatchRoot: {fileID: 0}
  m_ProbeAnchor: {fileID: 0}
  m_LightProbeVolumeOverride: {fileID: 0}
  m_ScaleInLightmap: 1
  m_ReceiveGI: 1
  m_PreserveUVs: 0
  m_IgnoreNormalsForChartDetection: 0
  m_ImportantGI: 0
  m_StitchLightmapSeams: 1
  m_SelectedEditorRenderState: 0
  m_MinimumChartSize: 4
  m_AutoUVMaxDistance: 0.5
  m_AutoUVMaxAngle: 89
  m_LightmapParameters: {fileID: 0}
  m_SortingLayerID: 0
  m_SortingLayer: 0
  m_SortingOrder: 0
  m_Sprite: {fileID: 21300000, guid: 6645f0a504d4ba1489aaceaff633bd96, type: 3}
  m_Color: {r: 1, g: 1, b: 1, a: 1}
  m_FlipX: 0
  m_FlipY: 0
  m_DrawMode: 0
  m_Size: {x: 1, y: 1}
  m_AdaptiveModeThreshold: 0.5
  m_SpriteTileMode: 0
  m_WasSpriteAssigned: 1
  m_MaskInteraction: 0
  m_SpriteSortPoint: 0
--- !u!61 &508250468354399295
BoxCollider2D:
  m_ObjectHideFlags: 0
  m_CorrespondingSourceObject: {fileID: 0}
  m_PrefabInstance: {fileID: 0}
  m_PrefabAsset: {fileID: 0}
  m_GameObject: {fileID: 508250468354399280}
  m_Enabled: 1
  m_Density: 1
  m_Material: {fileID: 6200000, guid: e5b8d397bbae71b48a1643ee0a3ae4af, type: 2}
  m_IsTrigger: 0
  m_UsedByEffector: 0
  m_UsedByComposite: 1
  m_Offset: {x: 0, y: 0}
  m_SpriteTilingProperty:
    border: {x: 0, y: 0, z: 0, w: 0}
    pivot: {x: 0.5, y: 0.5}
    oldSize: {x: 1, y: 1}
    newSize: {x: 1, y: 1}
    adaptiveTilingThreshold: 0.5
    drawMode: 0
    adaptiveTiling: 0
  m_AutoTiling: 0
  serializedVersion: 2
  m_Size: {x: 1, y: 1}
  m_EdgeRadius: 0
--- !u!1 &508250469282118118
GameObject:
  m_ObjectHideFlags: 0
  m_CorrespondingSourceObject: {fileID: 0}
  m_PrefabInstance: {fileID: 0}
  m_PrefabAsset: {fileID: 0}
  serializedVersion: 6
  m_Component:
  - component: {fileID: 508250469282118116}
  - component: {fileID: 508250469282118117}
  m_Layer: 0
  m_Name: Bloque 20
  m_TagString: Untagged
  m_Icon: {fileID: 0}
  m_NavMeshLayer: 0
  m_StaticEditorFlags: 0
  m_IsActive: 1
--- !u!4 &508250469282118116
Transform:
  m_ObjectHideFlags: 0
  m_CorrespondingSourceObject: {fileID: 0}
  m_PrefabInstance: {fileID: 0}
  m_PrefabAsset: {fileID: 0}
  m_GameObject: {fileID: 508250469282118118}
  m_LocalRotation: {x: 0, y: 0, z: 0, w: 1}
  m_LocalPosition: {x: -0.9288146, y: 2.488377, z: -4.5528703}
  m_LocalScale: {x: 1, y: 1, z: 1}
  m_Children:
  - {fileID: 4247734553915314543}
  - {fileID: 508250468354399293}
  - {fileID: 3009230302264156339}
  - {fileID: 1466832606072340171}
  - {fileID: 6831900106078446454}
  - {fileID: 1430270457988904267}
  - {fileID: 5249929207771921450}
  - {fileID: 5159960998699045068}
  - {fileID: 1853767637786605949}
  - {fileID: 5765955570214928892}
  - {fileID: 324616906872548937}
  - {fileID: 7739658279515748156}
  - {fileID: 5410138630217411118}
  - {fileID: 2486570632009435707}
  - {fileID: 461469660764719512}
  - {fileID: 8278637598224157273}
  - {fileID: 6649115950915224103}
  - {fileID: 2961715328406263210}
  - {fileID: 4527563705541446854}
  - {fileID: 7269818290965286611}
  - {fileID: 7778293004371948913}
  - {fileID: 4838102876070298087}
  - {fileID: 3395725977961183411}
  - {fileID: 1560276684176208965}
  - {fileID: 4608712930761286798}
  - {fileID: 1615627522732398602}
  - {fileID: 7700917577591485931}
  - {fileID: 7448576911450580665}
  - {fileID: 3659651210392168767}
  - {fileID: 5228863451006663454}
  - {fileID: 6151219477379932636}
  - {fileID: 6427623076464507803}
  - {fileID: 3903648109822684958}
  - {fileID: 1081377832666978335}
  - {fileID: 5618900899659368404}
  - {fileID: 6921061256226770177}
  - {fileID: 555953567652332717}
  - {fileID: 8940022837776416523}
  m_Father: {fileID: 0}
  m_RootOrder: 0
  m_LocalEulerAnglesHint: {x: 0, y: 0, z: 0}
--- !u!114 &508250469282118117
MonoBehaviour:
  m_ObjectHideFlags: 0
  m_CorrespondingSourceObject: {fileID: 0}
  m_PrefabInstance: {fileID: 0}
  m_PrefabAsset: {fileID: 0}
  m_GameObject: {fileID: 508250469282118118}
  m_Enabled: 1
  m_EditorHideFlags: 0
  m_Script: {fileID: 11500000, guid: 73188fd486b84ed489e24be20bb8bde4, type: 3}
  m_Name: 
  m_EditorClassIdentifier: 
  "tama\xF1o": 33
--- !u!1 &618175631585846132
GameObject:
  m_ObjectHideFlags: 0
  m_CorrespondingSourceObject: {fileID: 0}
  m_PrefabInstance: {fileID: 0}
  m_PrefabAsset: {fileID: 0}
  serializedVersion: 6
  m_Component:
  - component: {fileID: 6831900106078446454}
  - component: {fileID: 4243778414846478416}
  m_Layer: 0
  m_Name: nube 2.2
  m_TagString: Untagged
  m_Icon: {fileID: 0}
  m_NavMeshLayer: 0
  m_StaticEditorFlags: 0
  m_IsActive: 1
--- !u!4 &6831900106078446454
Transform:
  m_ObjectHideFlags: 0
  m_CorrespondingSourceObject: {fileID: 0}
  m_PrefabInstance: {fileID: 0}
  m_PrefabAsset: {fileID: 0}
  m_GameObject: {fileID: 618175631585846132}
  m_LocalRotation: {x: -0, y: -0, z: -0, w: 1}
  m_LocalPosition: {x: 11.21, y: 4, z: 4.5528703}
  m_LocalScale: {x: 1, y: 1, z: 1}
  m_Children: []
  m_Father: {fileID: 508250469282118116}
  m_RootOrder: 4
  m_LocalEulerAnglesHint: {x: 0, y: 0, z: 0}
--- !u!212 &4243778414846478416
SpriteRenderer:
  m_ObjectHideFlags: 0
  m_CorrespondingSourceObject: {fileID: 0}
  m_PrefabInstance: {fileID: 0}
  m_PrefabAsset: {fileID: 0}
  m_GameObject: {fileID: 618175631585846132}
  m_Enabled: 1
  m_CastShadows: 0
  m_ReceiveShadows: 0
  m_DynamicOccludee: 1
  m_MotionVectors: 1
  m_LightProbeUsage: 1
  m_ReflectionProbeUsage: 1
  m_RayTracingMode: 0
  m_RenderingLayerMask: 1
  m_RendererPriority: 0
  m_Materials:
  - {fileID: 10754, guid: 0000000000000000f000000000000000, type: 0}
  m_StaticBatchInfo:
    firstSubMesh: 0
    subMeshCount: 0
  m_StaticBatchRoot: {fileID: 0}
  m_ProbeAnchor: {fileID: 0}
  m_LightProbeVolumeOverride: {fileID: 0}
  m_ScaleInLightmap: 1
  m_ReceiveGI: 1
  m_PreserveUVs: 0
  m_IgnoreNormalsForChartDetection: 0
  m_ImportantGI: 0
  m_StitchLightmapSeams: 1
  m_SelectedEditorRenderState: 0
  m_MinimumChartSize: 4
  m_AutoUVMaxDistance: 0.5
  m_AutoUVMaxAngle: 89
  m_LightmapParameters: {fileID: 0}
  m_SortingLayerID: 0
  m_SortingLayer: 0
  m_SortingOrder: 0
  m_Sprite: {fileID: 21300000, guid: f1c2d91af0c480a43ad09d7a4a2adf16, type: 3}
  m_Color: {r: 1, g: 1, b: 1, a: 1}
  m_FlipX: 0
  m_FlipY: 0
  m_DrawMode: 0
  m_Size: {x: 8.11, y: 6.08}
  m_AdaptiveModeThreshold: 0.5
  m_SpriteTileMode: 0
  m_WasSpriteAssigned: 1
  m_MaskInteraction: 0
  m_SpriteSortPoint: 0
--- !u!1 &643432653724765471
GameObject:
  m_ObjectHideFlags: 0
  m_CorrespondingSourceObject: {fileID: 0}
  m_PrefabInstance: {fileID: 0}
  m_PrefabAsset: {fileID: 0}
  serializedVersion: 6
  m_Component:
  - component: {fileID: 4527563705541446854}
  - component: {fileID: 6431453461293006043}
  m_Layer: 0
  m_Name: pixel art arbol dos.2 (2)
  m_TagString: Untagged
  m_Icon: {fileID: 0}
  m_NavMeshLayer: 0
  m_StaticEditorFlags: 0
  m_IsActive: 1
--- !u!4 &4527563705541446854
Transform:
  m_ObjectHideFlags: 0
  m_CorrespondingSourceObject: {fileID: 0}
  m_PrefabInstance: {fileID: 0}
  m_PrefabAsset: {fileID: 0}
  m_GameObject: {fileID: 643432653724765471}
  m_LocalRotation: {x: -0, y: -0, z: -0, w: 1}
  m_LocalPosition: {x: -9.19, y: -3.3666544, z: 6.04}
  m_LocalScale: {x: 1, y: 1, z: 1}
  m_Children: []
  m_Father: {fileID: 508250469282118116}
  m_RootOrder: 18
  m_LocalEulerAnglesHint: {x: 0, y: 0, z: 0}
--- !u!212 &6431453461293006043
SpriteRenderer:
  m_ObjectHideFlags: 0
  m_CorrespondingSourceObject: {fileID: 0}
  m_PrefabInstance: {fileID: 0}
  m_PrefabAsset: {fileID: 0}
  m_GameObject: {fileID: 643432653724765471}
  m_Enabled: 1
  m_CastShadows: 0
  m_ReceiveShadows: 0
  m_DynamicOccludee: 1
  m_MotionVectors: 1
  m_LightProbeUsage: 1
  m_ReflectionProbeUsage: 1
  m_RayTracingMode: 0
  m_RenderingLayerMask: 1
  m_RendererPriority: 0
  m_Materials:
  - {fileID: 10754, guid: 0000000000000000f000000000000000, type: 0}
  m_StaticBatchInfo:
    firstSubMesh: 0
    subMeshCount: 0
  m_StaticBatchRoot: {fileID: 0}
  m_ProbeAnchor: {fileID: 0}
  m_LightProbeVolumeOverride: {fileID: 0}
  m_ScaleInLightmap: 1
  m_ReceiveGI: 1
  m_PreserveUVs: 0
  m_IgnoreNormalsForChartDetection: 0
  m_ImportantGI: 0
  m_StitchLightmapSeams: 1
  m_SelectedEditorRenderState: 0
  m_MinimumChartSize: 4
  m_AutoUVMaxDistance: 0.5
  m_AutoUVMaxAngle: 89
  m_LightmapParameters: {fileID: 0}
  m_SortingLayerID: 0
  m_SortingLayer: 0
  m_SortingOrder: 0
  m_Sprite: {fileID: 21300000, guid: a957e52cec2ebb641be270c980aa129d, type: 3}
  m_Color: {r: 1, g: 1, b: 1, a: 1}
  m_FlipX: 0
  m_FlipY: 0
  m_DrawMode: 0
  m_Size: {x: 5.88, y: 5.2}
  m_AdaptiveModeThreshold: 0.5
  m_SpriteTileMode: 0
  m_WasSpriteAssigned: 1
  m_MaskInteraction: 0
  m_SpriteSortPoint: 0
--- !u!1 &981541223934081100
GameObject:
  m_ObjectHideFlags: 0
  m_CorrespondingSourceObject: {fileID: 0}
  m_PrefabInstance: {fileID: 0}
  m_PrefabAsset: {fileID: 0}
  serializedVersion: 6
  m_Component:
  - component: {fileID: 3009230302264156339}
  - component: {fileID: 6463823194524050384}
  m_Layer: 0
  m_Name: vaya
  m_TagString: Untagged
  m_Icon: {fileID: 0}
  m_NavMeshLayer: 0
  m_StaticEditorFlags: 0
  m_IsActive: 1
--- !u!4 &3009230302264156339
Transform:
  m_ObjectHideFlags: 0
  m_CorrespondingSourceObject: {fileID: 0}
  m_PrefabInstance: {fileID: 0}
  m_PrefabAsset: {fileID: 0}
  m_GameObject: {fileID: 981541223934081100}
  m_LocalRotation: {x: -0, y: -0, z: -0, w: 1}
  m_LocalPosition: {x: -11.96, y: -5.58, z: 4.5528703}
  m_LocalScale: {x: 1, y: 1, z: 1}
  m_Children: []
  m_Father: {fileID: 508250469282118116}
  m_RootOrder: 2
  m_LocalEulerAnglesHint: {x: 0, y: 0, z: 0}
--- !u!212 &6463823194524050384
SpriteRenderer:
  m_ObjectHideFlags: 0
  m_CorrespondingSourceObject: {fileID: 0}
  m_PrefabInstance: {fileID: 0}
  m_PrefabAsset: {fileID: 0}
  m_GameObject: {fileID: 981541223934081100}
  m_Enabled: 1
  m_CastShadows: 0
  m_ReceiveShadows: 0
  m_DynamicOccludee: 1
  m_MotionVectors: 1
  m_LightProbeUsage: 1
  m_ReflectionProbeUsage: 1
  m_RayTracingMode: 0
  m_RenderingLayerMask: 1
  m_RendererPriority: 0
  m_Materials:
  - {fileID: 10754, guid: 0000000000000000f000000000000000, type: 0}
  m_StaticBatchInfo:
    firstSubMesh: 0
    subMeshCount: 0
  m_StaticBatchRoot: {fileID: 0}
  m_ProbeAnchor: {fileID: 0}
  m_LightProbeVolumeOverride: {fileID: 0}
  m_ScaleInLightmap: 1
  m_ReceiveGI: 1
  m_PreserveUVs: 0
  m_IgnoreNormalsForChartDetection: 0
  m_ImportantGI: 0
  m_StitchLightmapSeams: 1
  m_SelectedEditorRenderState: 0
  m_MinimumChartSize: 4
  m_AutoUVMaxDistance: 0.5
  m_AutoUVMaxAngle: 89
  m_LightmapParameters: {fileID: 0}
  m_SortingLayerID: 0
  m_SortingLayer: 0
  m_SortingOrder: 0
  m_Sprite: {fileID: 21300000, guid: 0eb259338d277a9428348bd70e87d869, type: 3}
  m_Color: {r: 0.3773585, g: 0.37201852, b: 0.37201852, a: 1}
  m_FlipX: 0
  m_FlipY: 0
  m_DrawMode: 0
  m_Size: {x: 6.36, y: 5.27}
  m_AdaptiveModeThreshold: 0.5
  m_SpriteTileMode: 0
  m_WasSpriteAssigned: 1
  m_MaskInteraction: 0
  m_SpriteSortPoint: 0
--- !u!1 &1269442907935076041
GameObject:
  m_ObjectHideFlags: 0
  m_CorrespondingSourceObject: {fileID: 0}
  m_PrefabInstance: {fileID: 0}
  m_PrefabAsset: {fileID: 0}
  serializedVersion: 6
  m_Component:
  - component: {fileID: 8940022837776416523}
  - component: {fileID: 7446124314760394009}
  m_Layer: 0
  m_Name: arbol (1)
  m_TagString: Untagged
  m_Icon: {fileID: 0}
  m_NavMeshLayer: 0
  m_StaticEditorFlags: 0
  m_IsActive: 1
--- !u!4 &8940022837776416523
Transform:
  m_ObjectHideFlags: 0
  m_CorrespondingSourceObject: {fileID: 0}
  m_PrefabInstance: {fileID: 0}
  m_PrefabAsset: {fileID: 0}
  m_GameObject: {fileID: 1269442907935076041}
  m_LocalRotation: {x: -0, y: -0, z: -0, w: 1}
  m_LocalPosition: {x: 10.39, y: -2.52, z: 4.5528703}
  m_LocalScale: {x: -0.9174566, y: 1, z: 1}
  m_Children: []
  m_Father: {fileID: 508250469282118116}
  m_RootOrder: 37
  m_LocalEulerAnglesHint: {x: 0, y: 0, z: 0}
--- !u!212 &7446124314760394009
SpriteRenderer:
  m_ObjectHideFlags: 0
  m_CorrespondingSourceObject: {fileID: 0}
  m_PrefabInstance: {fileID: 0}
  m_PrefabAsset: {fileID: 0}
  m_GameObject: {fileID: 1269442907935076041}
  m_Enabled: 1
  m_CastShadows: 0
  m_ReceiveShadows: 0
  m_DynamicOccludee: 1
  m_MotionVectors: 1
  m_LightProbeUsage: 1
  m_ReflectionProbeUsage: 1
  m_RayTracingMode: 0
  m_RenderingLayerMask: 1
  m_RendererPriority: 0
  m_Materials:
  - {fileID: 10754, guid: 0000000000000000f000000000000000, type: 0}
  m_StaticBatchInfo:
    firstSubMesh: 0
    subMeshCount: 0
  m_StaticBatchRoot: {fileID: 0}
  m_ProbeAnchor: {fileID: 0}
  m_LightProbeVolumeOverride: {fileID: 0}
  m_ScaleInLightmap: 1
  m_ReceiveGI: 1
  m_PreserveUVs: 0
  m_IgnoreNormalsForChartDetection: 0
  m_ImportantGI: 0
  m_StitchLightmapSeams: 1
  m_SelectedEditorRenderState: 0
  m_MinimumChartSize: 4
  m_AutoUVMaxDistance: 0.5
  m_AutoUVMaxAngle: 89
  m_LightmapParameters: {fileID: 0}
  m_SortingLayerID: 0
  m_SortingLayer: 0
  m_SortingOrder: 0
  m_Sprite: {fileID: 21300000, guid: 7e73dca392f25874085bbf0fc39412f9, type: 3}
  m_Color: {r: 1, g: 1, b: 1, a: 1}
  m_FlipX: 0
  m_FlipY: 0
  m_DrawMode: 0
  m_Size: {x: 6.19, y: 6.5}
  m_AdaptiveModeThreshold: 0.5
  m_SpriteTileMode: 0
  m_WasSpriteAssigned: 1
  m_MaskInteraction: 0
  m_SpriteSortPoint: 0
--- !u!1 &1750243621119092981
GameObject:
  m_ObjectHideFlags: 0
  m_CorrespondingSourceObject: {fileID: 0}
  m_PrefabInstance: {fileID: 0}
  m_PrefabAsset: {fileID: 0}
  serializedVersion: 6
  m_Component:
  - component: {fileID: 4608712930761286798}
  m_Layer: 0
  m_Name: path1a (4)
  m_TagString: Untagged
  m_Icon: {fileID: -964228994112308473, guid: 0000000000000000d000000000000000, type: 0}
  m_NavMeshLayer: 0
  m_StaticEditorFlags: 0
  m_IsActive: 1
--- !u!4 &4608712930761286798
Transform:
  m_ObjectHideFlags: 0
  m_CorrespondingSourceObject: {fileID: 0}
  m_PrefabInstance: {fileID: 0}
  m_PrefabAsset: {fileID: 0}
  m_GameObject: {fileID: 1750243621119092981}
  m_LocalRotation: {x: -0, y: -0, z: -0, w: 1}
  m_LocalPosition: {x: 11.34, y: -6.05, z: 3.7467813}
  m_LocalScale: {x: 1, y: 1, z: 1}
  m_Children: []
  m_Father: {fileID: 508250469282118116}
  m_RootOrder: 24
  m_LocalEulerAnglesHint: {x: 0, y: 0, z: 0}
--- !u!1 &1772321675228603863
GameObject:
  m_ObjectHideFlags: 0
  m_CorrespondingSourceObject: {fileID: 0}
  m_PrefabInstance: {fileID: 0}
  m_PrefabAsset: {fileID: 0}
  serializedVersion: 6
  m_Component:
  - component: {fileID: 2961715328406263210}
  - component: {fileID: 7480775869870295156}
  m_Layer: 0
  m_Name: pixel art arbol uno.2 (2)
  m_TagString: Untagged
  m_Icon: {fileID: 0}
  m_NavMeshLayer: 0
  m_StaticEditorFlags: 0
  m_IsActive: 1
--- !u!4 &2961715328406263210
Transform:
  m_ObjectHideFlags: 0
  m_CorrespondingSourceObject: {fileID: 0}
  m_PrefabInstance: {fileID: 0}
  m_PrefabAsset: {fileID: 0}
  m_GameObject: {fileID: 1772321675228603863}
  m_LocalRotation: {x: -0, y: -0, z: -0, w: 1}
  m_LocalPosition: {x: -10.989, y: -2.28, z: 4.5528703}
  m_LocalScale: {x: 1.1923556, y: 1.3652142, z: 1}
  m_Children: []
  m_Father: {fileID: 508250469282118116}
  m_RootOrder: 17
  m_LocalEulerAnglesHint: {x: 0, y: 0, z: 0}
--- !u!212 &7480775869870295156
SpriteRenderer:
  m_ObjectHideFlags: 0
  m_CorrespondingSourceObject: {fileID: 0}
  m_PrefabInstance: {fileID: 0}
  m_PrefabAsset: {fileID: 0}
  m_GameObject: {fileID: 1772321675228603863}
  m_Enabled: 1
  m_CastShadows: 0
  m_ReceiveShadows: 0
  m_DynamicOccludee: 1
  m_MotionVectors: 1
  m_LightProbeUsage: 1
  m_ReflectionProbeUsage: 1
  m_RayTracingMode: 0
  m_RenderingLayerMask: 1
  m_RendererPriority: 0
  m_Materials:
  - {fileID: 10754, guid: 0000000000000000f000000000000000, type: 0}
  m_StaticBatchInfo:
    firstSubMesh: 0
    subMeshCount: 0
  m_StaticBatchRoot: {fileID: 0}
  m_ProbeAnchor: {fileID: 0}
  m_LightProbeVolumeOverride: {fileID: 0}
  m_ScaleInLightmap: 1
  m_ReceiveGI: 1
  m_PreserveUVs: 0
  m_IgnoreNormalsForChartDetection: 0
  m_ImportantGI: 0
  m_StitchLightmapSeams: 1
  m_SelectedEditorRenderState: 0
  m_MinimumChartSize: 4
  m_AutoUVMaxDistance: 0.5
  m_AutoUVMaxAngle: 89
  m_LightmapParameters: {fileID: 0}
  m_SortingLayerID: 0
  m_SortingLayer: 0
  m_SortingOrder: 0
  m_Sprite: {fileID: 21300000, guid: 410de3b60c19eb74089c1c373ef16f75, type: 3}
  m_Color: {r: 1, g: 1, b: 1, a: 1}
  m_FlipX: 0
  m_FlipY: 0
  m_DrawMode: 0
  m_Size: {x: 6.46, y: 5.53}
  m_AdaptiveModeThreshold: 0.5
  m_SpriteTileMode: 0
  m_WasSpriteAssigned: 1
  m_MaskInteraction: 0
  m_SpriteSortPoint: 0
--- !u!1 &2223354293620545590
GameObject:
  m_ObjectHideFlags: 0
  m_CorrespondingSourceObject: {fileID: 0}
  m_PrefabInstance: {fileID: 0}
  m_PrefabAsset: {fileID: 0}
  serializedVersion: 6
  m_Component:
  - component: {fileID: 4247734553915314543}
  - component: {fileID: 815834041352295368}
  m_Layer: 0
  m_Name: pixel art arbol uno.2 (3)
  m_TagString: Untagged
  m_Icon: {fileID: 0}
  m_NavMeshLayer: 0
  m_StaticEditorFlags: 0
  m_IsActive: 1
--- !u!4 &4247734553915314543
Transform:
  m_ObjectHideFlags: 0
  m_CorrespondingSourceObject: {fileID: 0}
  m_PrefabInstance: {fileID: 0}
  m_PrefabAsset: {fileID: 0}
  m_GameObject: {fileID: 2223354293620545590}
  m_LocalRotation: {x: -0, y: -0, z: -0, w: 1}
  m_LocalPosition: {x: 17.86, y: -2.867, z: 4.5528703}
  m_LocalScale: {x: 1.2290484, y: 1.152925, z: 1}
  m_Children: []
  m_Father: {fileID: 508250469282118116}
  m_RootOrder: 0
  m_LocalEulerAnglesHint: {x: 0, y: 0, z: 0}
--- !u!212 &815834041352295368
SpriteRenderer:
  m_ObjectHideFlags: 0
  m_CorrespondingSourceObject: {fileID: 0}
  m_PrefabInstance: {fileID: 0}
  m_PrefabAsset: {fileID: 0}
  m_GameObject: {fileID: 2223354293620545590}
  m_Enabled: 1
  m_CastShadows: 0
  m_ReceiveShadows: 0
  m_DynamicOccludee: 1
  m_MotionVectors: 1
  m_LightProbeUsage: 1
  m_ReflectionProbeUsage: 1
  m_RayTracingMode: 0
  m_RenderingLayerMask: 1
  m_RendererPriority: 0
  m_Materials:
  - {fileID: 10754, guid: 0000000000000000f000000000000000, type: 0}
  m_StaticBatchInfo:
    firstSubMesh: 0
    subMeshCount: 0
  m_StaticBatchRoot: {fileID: 0}
  m_ProbeAnchor: {fileID: 0}
  m_LightProbeVolumeOverride: {fileID: 0}
  m_ScaleInLightmap: 1
  m_ReceiveGI: 1
  m_PreserveUVs: 0
  m_IgnoreNormalsForChartDetection: 0
  m_ImportantGI: 0
  m_StitchLightmapSeams: 1
  m_SelectedEditorRenderState: 0
  m_MinimumChartSize: 4
  m_AutoUVMaxDistance: 0.5
  m_AutoUVMaxAngle: 89
  m_LightmapParameters: {fileID: 0}
  m_SortingLayerID: 0
  m_SortingLayer: 0
  m_SortingOrder: 0
  m_Sprite: {fileID: 21300000, guid: 410de3b60c19eb74089c1c373ef16f75, type: 3}
  m_Color: {r: 1, g: 1, b: 1, a: 1}
  m_FlipX: 0
  m_FlipY: 0
  m_DrawMode: 0
  m_Size: {x: 6.46, y: 5.53}
  m_AdaptiveModeThreshold: 0.5
  m_SpriteTileMode: 0
  m_WasSpriteAssigned: 1
  m_MaskInteraction: 0
  m_SpriteSortPoint: 0
--- !u!1 &3226193107843692334
GameObject:
  m_ObjectHideFlags: 0
  m_CorrespondingSourceObject: {fileID: 0}
  m_PrefabInstance: {fileID: 0}
  m_PrefabAsset: {fileID: 0}
  serializedVersion: 6
  m_Component:
  - component: {fileID: 3659651210392168767}
  - component: {fileID: 6694652433826516255}
  m_Layer: 0
  m_Name: casa pantano miedo
  m_TagString: Untagged
  m_Icon: {fileID: 0}
  m_NavMeshLayer: 0
  m_StaticEditorFlags: 0
  m_IsActive: 1
--- !u!4 &3659651210392168767
Transform:
  m_ObjectHideFlags: 0
  m_CorrespondingSourceObject: {fileID: 0}
  m_PrefabInstance: {fileID: 0}
  m_PrefabAsset: {fileID: 0}
  m_GameObject: {fileID: 3226193107843692334}
  m_LocalRotation: {x: -0, y: -0, z: -0, w: 1}
  m_LocalPosition: {x: 4.11, y: -2.150646, z: 4.5528703}
  m_LocalScale: {x: 1.425, y: 1, z: 1}
  m_Children: []
  m_Father: {fileID: 508250469282118116}
  m_RootOrder: 28
  m_LocalEulerAnglesHint: {x: 0, y: 0, z: 0}
--- !u!212 &6694652433826516255
SpriteRenderer:
  m_ObjectHideFlags: 0
  m_CorrespondingSourceObject: {fileID: 0}
  m_PrefabInstance: {fileID: 0}
  m_PrefabAsset: {fileID: 0}
  m_GameObject: {fileID: 3226193107843692334}
  m_Enabled: 1
  m_CastShadows: 0
  m_ReceiveShadows: 0
  m_DynamicOccludee: 1
  m_MotionVectors: 1
  m_LightProbeUsage: 1
  m_ReflectionProbeUsage: 1
  m_RayTracingMode: 0
  m_RenderingLayerMask: 1
  m_RendererPriority: 0
  m_Materials:
  - {fileID: 10754, guid: 0000000000000000f000000000000000, type: 0}
  m_StaticBatchInfo:
    firstSubMesh: 0
    subMeshCount: 0
  m_StaticBatchRoot: {fileID: 0}
  m_ProbeAnchor: {fileID: 0}
  m_LightProbeVolumeOverride: {fileID: 0}
  m_ScaleInLightmap: 1
  m_ReceiveGI: 1
  m_PreserveUVs: 0
  m_IgnoreNormalsForChartDetection: 0
  m_ImportantGI: 0
  m_StitchLightmapSeams: 1
  m_SelectedEditorRenderState: 0
  m_MinimumChartSize: 4
  m_AutoUVMaxDistance: 0.5
  m_AutoUVMaxAngle: 89
  m_LightmapParameters: {fileID: 0}
  m_SortingLayerID: 0
  m_SortingLayer: 0
  m_SortingOrder: 0
  m_Sprite: {fileID: 21300000, guid: c994fecb083494e4c88c528a8703a093, type: 3}
  m_Color: {r: 1, g: 1, b: 1, a: 1}
  m_FlipX: 0
  m_FlipY: 0
  m_DrawMode: 0
  m_Size: {x: 7.23, y: 7.64}
  m_AdaptiveModeThreshold: 0.5
  m_SpriteTileMode: 0
  m_WasSpriteAssigned: 1
  m_MaskInteraction: 0
  m_SpriteSortPoint: 0
--- !u!1 &3316532734218781858
GameObject:
  m_ObjectHideFlags: 0
  m_CorrespondingSourceObject: {fileID: 0}
  m_PrefabInstance: {fileID: 0}
  m_PrefabAsset: {fileID: 0}
  serializedVersion: 6
  m_Component:
  - component: {fileID: 1081377832666978335}
  - component: {fileID: 5405001009410114513}
  m_Layer: 0
  m_Name: arbol
  m_TagString: Untagged
  m_Icon: {fileID: 0}
  m_NavMeshLayer: 0
  m_StaticEditorFlags: 0
  m_IsActive: 1
--- !u!4 &1081377832666978335
Transform:
  m_ObjectHideFlags: 0
  m_CorrespondingSourceObject: {fileID: 0}
  m_PrefabInstance: {fileID: 0}
  m_PrefabAsset: {fileID: 0}
  m_GameObject: {fileID: 3316532734218781858}
  m_LocalRotation: {x: -0, y: -0, z: -0, w: 1}
  m_LocalPosition: {x: 1.38, y: -2.52, z: 4.5528703}
  m_LocalScale: {x: -0.7947756, y: 1, z: 1}
  m_Children: []
  m_Father: {fileID: 508250469282118116}
  m_RootOrder: 33
  m_LocalEulerAnglesHint: {x: 0, y: 0, z: 0}
--- !u!212 &5405001009410114513
SpriteRenderer:
  m_ObjectHideFlags: 0
  m_CorrespondingSourceObject: {fileID: 0}
  m_PrefabInstance: {fileID: 0}
  m_PrefabAsset: {fileID: 0}
  m_GameObject: {fileID: 3316532734218781858}
  m_Enabled: 1
  m_CastShadows: 0
  m_ReceiveShadows: 0
  m_DynamicOccludee: 1
  m_MotionVectors: 1
  m_LightProbeUsage: 1
  m_ReflectionProbeUsage: 1
  m_RayTracingMode: 0
  m_RenderingLayerMask: 1
  m_RendererPriority: 0
  m_Materials:
  - {fileID: 10754, guid: 0000000000000000f000000000000000, type: 0}
  m_StaticBatchInfo:
    firstSubMesh: 0
    subMeshCount: 0
  m_StaticBatchRoot: {fileID: 0}
  m_ProbeAnchor: {fileID: 0}
  m_LightProbeVolumeOverride: {fileID: 0}
  m_ScaleInLightmap: 1
  m_ReceiveGI: 1
  m_PreserveUVs: 0
  m_IgnoreNormalsForChartDetection: 0
  m_ImportantGI: 0
  m_StitchLightmapSeams: 1
  m_SelectedEditorRenderState: 0
  m_MinimumChartSize: 4
  m_AutoUVMaxDistance: 0.5
  m_AutoUVMaxAngle: 89
  m_LightmapParameters: {fileID: 0}
  m_SortingLayerID: 0
  m_SortingLayer: 0
  m_SortingOrder: 0
  m_Sprite: {fileID: 21300000, guid: 7e73dca392f25874085bbf0fc39412f9, type: 3}
  m_Color: {r: 1, g: 1, b: 1, a: 1}
  m_FlipX: 0
  m_FlipY: 0
  m_DrawMode: 0
  m_Size: {x: 6.19, y: 6.5}
  m_AdaptiveModeThreshold: 0.5
  m_SpriteTileMode: 0
  m_WasSpriteAssigned: 1
  m_MaskInteraction: 0
  m_SpriteSortPoint: 0
--- !u!1 &3589587564120122793
GameObject:
  m_ObjectHideFlags: 0
  m_CorrespondingSourceObject: {fileID: 0}
  m_PrefabInstance: {fileID: 0}
  m_PrefabAsset: {fileID: 0}
  serializedVersion: 6
  m_Component:
  - component: {fileID: 555953567652332717}
  - component: {fileID: 5248527259628814434}
  m_Layer: 0
  m_Name: arbol
  m_TagString: Untagged
  m_Icon: {fileID: 0}
  m_NavMeshLayer: 0
  m_StaticEditorFlags: 0
  m_IsActive: 1
--- !u!4 &555953567652332717
Transform:
  m_ObjectHideFlags: 0
  m_CorrespondingSourceObject: {fileID: 0}
  m_PrefabInstance: {fileID: 0}
  m_PrefabAsset: {fileID: 0}
  m_GameObject: {fileID: 3589587564120122793}
  m_LocalRotation: {x: -0, y: -0, z: -0, w: 1}
  m_LocalPosition: {x: -3.527756, y: -2.6287472, z: 4.5528703}
  m_LocalScale: {x: 1, y: 1, z: 1}
  m_Children: []
  m_Father: {fileID: 508250469282118116}
  m_RootOrder: 36
  m_LocalEulerAnglesHint: {x: 0, y: 0, z: 0}
--- !u!212 &5248527259628814434
SpriteRenderer:
  m_ObjectHideFlags: 0
  m_CorrespondingSourceObject: {fileID: 0}
  m_PrefabInstance: {fileID: 0}
  m_PrefabAsset: {fileID: 0}
  m_GameObject: {fileID: 3589587564120122793}
  m_Enabled: 1
  m_CastShadows: 0
  m_ReceiveShadows: 0
  m_DynamicOccludee: 1
  m_MotionVectors: 1
  m_LightProbeUsage: 1
  m_ReflectionProbeUsage: 1
  m_RayTracingMode: 0
  m_RenderingLayerMask: 1
  m_RendererPriority: 0
  m_Materials:
  - {fileID: 10754, guid: 0000000000000000f000000000000000, type: 0}
  m_StaticBatchInfo:
    firstSubMesh: 0
    subMeshCount: 0
  m_StaticBatchRoot: {fileID: 0}
  m_ProbeAnchor: {fileID: 0}
  m_LightProbeVolumeOverride: {fileID: 0}
  m_ScaleInLightmap: 1
  m_ReceiveGI: 1
  m_PreserveUVs: 0
  m_IgnoreNormalsForChartDetection: 0
  m_ImportantGI: 0
  m_StitchLightmapSeams: 1
  m_SelectedEditorRenderState: 0
  m_MinimumChartSize: 4
  m_AutoUVMaxDistance: 0.5
  m_AutoUVMaxAngle: 89
  m_LightmapParameters: {fileID: 0}
  m_SortingLayerID: 0
  m_SortingLayer: 0
  m_SortingOrder: 0
  m_Sprite: {fileID: 21300000, guid: 7e73dca392f25874085bbf0fc39412f9, type: 3}
  m_Color: {r: 1, g: 1, b: 1, a: 1}
  m_FlipX: 0
  m_FlipY: 0
  m_DrawMode: 0
  m_Size: {x: 6.19, y: 6.5}
  m_AdaptiveModeThreshold: 0.5
  m_SpriteTileMode: 0
  m_WasSpriteAssigned: 1
  m_MaskInteraction: 0
  m_SpriteSortPoint: 0
--- !u!1 &3750623604026664128
GameObject:
  m_ObjectHideFlags: 0
  m_CorrespondingSourceObject: {fileID: 0}
  m_PrefabInstance: {fileID: 0}
  m_PrefabAsset: {fileID: 0}
  serializedVersion: 6
  m_Component:
  - component: {fileID: 1615627522732398602}
  m_Layer: 0
  m_Name: path1a (5)
  m_TagString: Untagged
  m_Icon: {fileID: -964228994112308473, guid: 0000000000000000d000000000000000, type: 0}
  m_NavMeshLayer: 0
  m_StaticEditorFlags: 0
  m_IsActive: 1
--- !u!4 &1615627522732398602
Transform:
  m_ObjectHideFlags: 0
  m_CorrespondingSourceObject: {fileID: 0}
  m_PrefabInstance: {fileID: 0}
  m_PrefabAsset: {fileID: 0}
  m_GameObject: {fileID: 3750623604026664128}
  m_LocalRotation: {x: -0, y: -0, z: -0, w: 1}
  m_LocalPosition: {x: 5.62, y: -1.29, z: 3.58}
  m_LocalScale: {x: 1, y: 1, z: 1}
  m_Children: []
  m_Father: {fileID: 508250469282118116}
  m_RootOrder: 25
  m_LocalEulerAnglesHint: {x: 0, y: 0, z: 0}
--- !u!1 &4210684825309931228
GameObject:
  m_ObjectHideFlags: 0
  m_CorrespondingSourceObject: {fileID: 0}
  m_PrefabInstance: {fileID: 0}
  m_PrefabAsset: {fileID: 0}
  serializedVersion: 6
  m_Component:
  - component: {fileID: 6151219477379932636}
  m_Layer: 0
  m_Name: path1a (6)
  m_TagString: Untagged
  m_Icon: {fileID: -964228994112308473, guid: 0000000000000000d000000000000000, type: 0}
  m_NavMeshLayer: 0
  m_StaticEditorFlags: 0
  m_IsActive: 1
--- !u!4 &6151219477379932636
Transform:
  m_ObjectHideFlags: 0
  m_CorrespondingSourceObject: {fileID: 0}
  m_PrefabInstance: {fileID: 0}
  m_PrefabAsset: {fileID: 0}
  m_GameObject: {fileID: 4210684825309931228}
  m_LocalRotation: {x: -0, y: -0, z: -0, w: 1}
  m_LocalPosition: {x: 11.34, y: -1.95, z: 3.7467813}
  m_LocalScale: {x: 1, y: 1, z: 1}
  m_Children: []
  m_Father: {fileID: 508250469282118116}
  m_RootOrder: 30
  m_LocalEulerAnglesHint: {x: 0, y: 0, z: 0}
--- !u!1 &4500866913385997858
GameObject:
  m_ObjectHideFlags: 0
  m_CorrespondingSourceObject: {fileID: 0}
  m_PrefabInstance: {fileID: 0}
  m_PrefabAsset: {fileID: 0}
  serializedVersion: 6
  m_Component:
  - component: {fileID: 4838102876070298087}
  m_Layer: 0
  m_Name: path1a (1)
  m_TagString: Untagged
  m_Icon: {fileID: -964228994112308473, guid: 0000000000000000d000000000000000, type: 0}
  m_NavMeshLayer: 0
  m_StaticEditorFlags: 0
  m_IsActive: 1
--- !u!4 &4838102876070298087
Transform:
  m_ObjectHideFlags: 0
  m_CorrespondingSourceObject: {fileID: 0}
  m_PrefabInstance: {fileID: 0}
  m_PrefabAsset: {fileID: 0}
  m_GameObject: {fileID: 4500866913385997858}
  m_LocalRotation: {x: -0, y: -0, z: -0, w: 1}
  m_LocalPosition: {x: -2.87, y: -6.05, z: 3.7467813}
  m_LocalScale: {x: 1, y: 1, z: 1}
  m_Children: []
  m_Father: {fileID: 508250469282118116}
  m_RootOrder: 21
  m_LocalEulerAnglesHint: {x: 0, y: 0, z: 0}
--- !u!1 &4502290299061219975
GameObject:
  m_ObjectHideFlags: 0
  m_CorrespondingSourceObject: {fileID: 0}
  m_PrefabInstance: {fileID: 0}
  m_PrefabAsset: {fileID: 0}
  serializedVersion: 6
  m_Component:
  - component: {fileID: 1853767637786605949}
  - component: {fileID: 3329351051554687855}
  m_Layer: 0
  m_Name: nube 4.2
  m_TagString: Untagged
  m_Icon: {fileID: 0}
  m_NavMeshLayer: 0
  m_StaticEditorFlags: 0
  m_IsActive: 1
--- !u!4 &1853767637786605949
Transform:
  m_ObjectHideFlags: 0
  m_CorrespondingSourceObject: {fileID: 0}
  m_PrefabInstance: {fileID: 0}
  m_PrefabAsset: {fileID: 0}
  m_GameObject: {fileID: 4502290299061219975}
  m_LocalRotation: {x: -0, y: -0, z: -0, w: 1}
  m_LocalPosition: {x: 3.7800667, y: 3.1412244, z: 4.5528703}
  m_LocalScale: {x: 1, y: 1, z: 1}
  m_Children: []
  m_Father: {fileID: 508250469282118116}
  m_RootOrder: 8
  m_LocalEulerAnglesHint: {x: 0, y: 0, z: 0}
--- !u!212 &3329351051554687855
SpriteRenderer:
  m_ObjectHideFlags: 0
  m_CorrespondingSourceObject: {fileID: 0}
  m_PrefabInstance: {fileID: 0}
  m_PrefabAsset: {fileID: 0}
  m_GameObject: {fileID: 4502290299061219975}
  m_Enabled: 1
  m_CastShadows: 0
  m_ReceiveShadows: 0
  m_DynamicOccludee: 1
  m_MotionVectors: 1
  m_LightProbeUsage: 1
  m_ReflectionProbeUsage: 1
  m_RayTracingMode: 0
  m_RenderingLayerMask: 1
  m_RendererPriority: 0
  m_Materials:
  - {fileID: 10754, guid: 0000000000000000f000000000000000, type: 0}
  m_StaticBatchInfo:
    firstSubMesh: 0
    subMeshCount: 0
  m_StaticBatchRoot: {fileID: 0}
  m_ProbeAnchor: {fileID: 0}
  m_LightProbeVolumeOverride: {fileID: 0}
  m_ScaleInLightmap: 1
  m_ReceiveGI: 1
  m_PreserveUVs: 0
  m_IgnoreNormalsForChartDetection: 0
  m_ImportantGI: 0
  m_StitchLightmapSeams: 1
  m_SelectedEditorRenderState: 0
  m_MinimumChartSize: 4
  m_AutoUVMaxDistance: 0.5
  m_AutoUVMaxAngle: 89
  m_LightmapParameters: {fileID: 0}
  m_SortingLayerID: 0
  m_SortingLayer: 0
  m_SortingOrder: 0
  m_Sprite: {fileID: 21300000, guid: 833eb79cbc73df04f9aa68fff9d3f082, type: 3}
  m_Color: {r: 1, g: 1, b: 1, a: 1}
  m_FlipX: 0
  m_FlipY: 0
  m_DrawMode: 0
  m_Size: {x: 7.58, y: 6.69}
  m_AdaptiveModeThreshold: 0.5
  m_SpriteTileMode: 0
  m_WasSpriteAssigned: 1
  m_MaskInteraction: 0
  m_SpriteSortPoint: 0
--- !u!1 &4807358873704170134
GameObject:
  m_ObjectHideFlags: 0
  m_CorrespondingSourceObject: {fileID: 0}
  m_PrefabInstance: {fileID: 0}
  m_PrefabAsset: {fileID: 0}
  serializedVersion: 6
  m_Component:
  - component: {fileID: 6921061256226770177}
  - component: {fileID: 8469630312023979760}
  m_Layer: 0
  m_Name: arbol
  m_TagString: Untagged
  m_Icon: {fileID: 0}
  m_NavMeshLayer: 0
  m_StaticEditorFlags: 0
  m_IsActive: 1
--- !u!4 &6921061256226770177
Transform:
  m_ObjectHideFlags: 0
  m_CorrespondingSourceObject: {fileID: 0}
  m_PrefabInstance: {fileID: 0}
  m_PrefabAsset: {fileID: 0}
  m_GameObject: {fileID: 4807358873704170134}
  m_LocalRotation: {x: -0, y: -0, z: -0, w: 1}
  m_LocalPosition: {x: 1.8442571, y: -2.600616, z: 4.5528703}
  m_LocalScale: {x: 1, y: 1, z: 1}
  m_Children: []
  m_Father: {fileID: 508250469282118116}
  m_RootOrder: 35
  m_LocalEulerAnglesHint: {x: 0, y: 0, z: 0}
--- !u!212 &8469630312023979760
SpriteRenderer:
  m_ObjectHideFlags: 0
  m_CorrespondingSourceObject: {fileID: 0}
  m_PrefabInstance: {fileID: 0}
  m_PrefabAsset: {fileID: 0}
  m_GameObject: {fileID: 4807358873704170134}
  m_Enabled: 1
  m_CastShadows: 0
  m_ReceiveShadows: 0
  m_DynamicOccludee: 1
  m_MotionVectors: 1
  m_LightProbeUsage: 1
  m_ReflectionProbeUsage: 1
  m_RayTracingMode: 0
  m_RenderingLayerMask: 1
  m_RendererPriority: 0
  m_Materials:
  - {fileID: 10754, guid: 0000000000000000f000000000000000, type: 0}
  m_StaticBatchInfo:
    firstSubMesh: 0
    subMeshCount: 0
  m_StaticBatchRoot: {fileID: 0}
  m_ProbeAnchor: {fileID: 0}
  m_LightProbeVolumeOverride: {fileID: 0}
  m_ScaleInLightmap: 1
  m_ReceiveGI: 1
  m_PreserveUVs: 0
  m_IgnoreNormalsForChartDetection: 0
  m_ImportantGI: 0
  m_StitchLightmapSeams: 1
  m_SelectedEditorRenderState: 0
  m_MinimumChartSize: 4
  m_AutoUVMaxDistance: 0.5
  m_AutoUVMaxAngle: 89
  m_LightmapParameters: {fileID: 0}
  m_SortingLayerID: 0
  m_SortingLayer: 0
  m_SortingOrder: 0
  m_Sprite: {fileID: 21300000, guid: 7e73dca392f25874085bbf0fc39412f9, type: 3}
  m_Color: {r: 1, g: 1, b: 1, a: 1}
  m_FlipX: 0
  m_FlipY: 0
  m_DrawMode: 0
  m_Size: {x: 6.19, y: 6.5}
  m_AdaptiveModeThreshold: 0.5
  m_SpriteTileMode: 0
  m_WasSpriteAssigned: 1
  m_MaskInteraction: 0
  m_SpriteSortPoint: 0
--- !u!1 &5234453049708812705
GameObject:
  m_ObjectHideFlags: 0
  m_CorrespondingSourceObject: {fileID: 0}
  m_PrefabInstance: {fileID: 0}
  m_PrefabAsset: {fileID: 0}
  serializedVersion: 6
  m_Component:
  - component: {fileID: 5159960998699045068}
  - component: {fileID: 7098020825822864949}
  m_Layer: 0
  m_Name: nube 2.2
  m_TagString: Untagged
  m_Icon: {fileID: 0}
  m_NavMeshLayer: 0
  m_StaticEditorFlags: 0
  m_IsActive: 1
--- !u!4 &5159960998699045068
Transform:
  m_ObjectHideFlags: 0
  m_CorrespondingSourceObject: {fileID: 0}
  m_PrefabInstance: {fileID: 0}
  m_PrefabAsset: {fileID: 0}
  m_GameObject: {fileID: 5234453049708812705}
  m_LocalRotation: {x: -0, y: -0, z: -0, w: 1}
  m_LocalPosition: {x: -6.715866, y: 5.1345096, z: 4.5528703}
  m_LocalScale: {x: 1, y: 1, z: 1}
  m_Children: []
  m_Father: {fileID: 508250469282118116}
  m_RootOrder: 7
  m_LocalEulerAnglesHint: {x: 0, y: 0, z: 0}
--- !u!212 &7098020825822864949
SpriteRenderer:
  m_ObjectHideFlags: 0
  m_CorrespondingSourceObject: {fileID: 0}
  m_PrefabInstance: {fileID: 0}
  m_PrefabAsset: {fileID: 0}
  m_GameObject: {fileID: 5234453049708812705}
  m_Enabled: 1
  m_CastShadows: 0
  m_ReceiveShadows: 0
  m_DynamicOccludee: 1
  m_MotionVectors: 1
  m_LightProbeUsage: 1
  m_ReflectionProbeUsage: 1
  m_RayTracingMode: 0
  m_RenderingLayerMask: 1
  m_RendererPriority: 0
  m_Materials:
  - {fileID: 10754, guid: 0000000000000000f000000000000000, type: 0}
  m_StaticBatchInfo:
    firstSubMesh: 0
    subMeshCount: 0
  m_StaticBatchRoot: {fileID: 0}
  m_ProbeAnchor: {fileID: 0}
  m_LightProbeVolumeOverride: {fileID: 0}
  m_ScaleInLightmap: 1
  m_ReceiveGI: 1
  m_PreserveUVs: 0
  m_IgnoreNormalsForChartDetection: 0
  m_ImportantGI: 0
  m_StitchLightmapSeams: 1
  m_SelectedEditorRenderState: 0
  m_MinimumChartSize: 4
  m_AutoUVMaxDistance: 0.5
  m_AutoUVMaxAngle: 89
  m_LightmapParameters: {fileID: 0}
  m_SortingLayerID: 0
  m_SortingLayer: 0
  m_SortingOrder: 0
  m_Sprite: {fileID: 21300000, guid: f1c2d91af0c480a43ad09d7a4a2adf16, type: 3}
  m_Color: {r: 1, g: 1, b: 1, a: 1}
  m_FlipX: 0
  m_FlipY: 0
  m_DrawMode: 0
  m_Size: {x: 8.11, y: 6.08}
  m_AdaptiveModeThreshold: 0.5
  m_SpriteTileMode: 0
  m_WasSpriteAssigned: 1
  m_MaskInteraction: 0
  m_SpriteSortPoint: 0
--- !u!1 &5567283928252555688
GameObject:
  m_ObjectHideFlags: 0
  m_CorrespondingSourceObject: {fileID: 0}
  m_PrefabInstance: {fileID: 0}
  m_PrefabAsset: {fileID: 0}
  serializedVersion: 6
  m_Component:
  - component: {fileID: 3395725977961183411}
  m_Layer: 0
  m_Name: path1a (2)
  m_TagString: Untagged
  m_Icon: {fileID: -964228994112308473, guid: 0000000000000000d000000000000000, type: 0}
  m_NavMeshLayer: 0
  m_StaticEditorFlags: 0
  m_IsActive: 1
--- !u!4 &3395725977961183411
Transform:
  m_ObjectHideFlags: 0
  m_CorrespondingSourceObject: {fileID: 0}
  m_PrefabInstance: {fileID: 0}
  m_PrefabAsset: {fileID: 0}
  m_GameObject: {fileID: 5567283928252555688}
  m_LocalRotation: {x: -0, y: -0, z: -0, w: 1}
  m_LocalPosition: {x: -0.56, y: -1.88, z: 3.58}
  m_LocalScale: {x: 1, y: 1, z: 1}
  m_Children: []
  m_Father: {fileID: 508250469282118116}
  m_RootOrder: 22
  m_LocalEulerAnglesHint: {x: 0, y: 0, z: 0}
--- !u!1 &5626763260460412123
GameObject:
  m_ObjectHideFlags: 0
  m_CorrespondingSourceObject: {fileID: 0}
  m_PrefabInstance: {fileID: 0}
  m_PrefabAsset: {fileID: 0}
  serializedVersion: 6
  m_Component:
  - component: {fileID: 6649115950915224103}
  - component: {fileID: 7565769553070815842}
  m_Layer: 0
  m_Name: pixel art arbol uno.2 (1)
  m_TagString: Untagged
  m_Icon: {fileID: 0}
  m_NavMeshLayer: 0
  m_StaticEditorFlags: 0
  m_IsActive: 1
--- !u!4 &6649115950915224103
Transform:
  m_ObjectHideFlags: 0
  m_CorrespondingSourceObject: {fileID: 0}
  m_PrefabInstance: {fileID: 0}
  m_PrefabAsset: {fileID: 0}
  m_GameObject: {fileID: 5626763260460412123}
  m_LocalRotation: {x: -0, y: -0, z: -0, w: 1}
  m_LocalPosition: {x: -5.98, y: -2.552, z: 4.5528703}
  m_LocalScale: {x: 1.1883483, y: 1.2668874, z: 1}
  m_Children: []
  m_Father: {fileID: 508250469282118116}
  m_RootOrder: 16
  m_LocalEulerAnglesHint: {x: 0, y: 0, z: 0}
--- !u!212 &7565769553070815842
SpriteRenderer:
  m_ObjectHideFlags: 0
  m_CorrespondingSourceObject: {fileID: 0}
  m_PrefabInstance: {fileID: 0}
  m_PrefabAsset: {fileID: 0}
  m_GameObject: {fileID: 5626763260460412123}
  m_Enabled: 1
  m_CastShadows: 0
  m_ReceiveShadows: 0
  m_DynamicOccludee: 1
  m_MotionVectors: 1
  m_LightProbeUsage: 1
  m_ReflectionProbeUsage: 1
  m_RayTracingMode: 0
  m_RenderingLayerMask: 1
  m_RendererPriority: 0
  m_Materials:
  - {fileID: 10754, guid: 0000000000000000f000000000000000, type: 0}
  m_StaticBatchInfo:
    firstSubMesh: 0
    subMeshCount: 0
  m_StaticBatchRoot: {fileID: 0}
  m_ProbeAnchor: {fileID: 0}
  m_LightProbeVolumeOverride: {fileID: 0}
  m_ScaleInLightmap: 1
  m_ReceiveGI: 1
  m_PreserveUVs: 0
  m_IgnoreNormalsForChartDetection: 0
  m_ImportantGI: 0
  m_StitchLightmapSeams: 1
  m_SelectedEditorRenderState: 0
  m_MinimumChartSize: 4
  m_AutoUVMaxDistance: 0.5
  m_AutoUVMaxAngle: 89
  m_LightmapParameters: {fileID: 0}
  m_SortingLayerID: 0
  m_SortingLayer: 0
  m_SortingOrder: 0
  m_Sprite: {fileID: 21300000, guid: 410de3b60c19eb74089c1c373ef16f75, type: 3}
  m_Color: {r: 1, g: 1, b: 1, a: 1}
  m_FlipX: 0
  m_FlipY: 0
  m_DrawMode: 0
  m_Size: {x: 6.46, y: 5.53}
  m_AdaptiveModeThreshold: 0.5
  m_SpriteTileMode: 0
  m_WasSpriteAssigned: 1
  m_MaskInteraction: 0
  m_SpriteSortPoint: 0
--- !u!1 &6509456236834691286
GameObject:
  m_ObjectHideFlags: 0
  m_CorrespondingSourceObject: {fileID: 0}
  m_PrefabInstance: {fileID: 0}
  m_PrefabAsset: {fileID: 0}
  serializedVersion: 6
  m_Component:
  - component: {fileID: 5249929207771921450}
  - component: {fileID: 9138776618708762318}
  m_Layer: 0
  m_Name: nube.2
  m_TagString: Untagged
  m_Icon: {fileID: 0}
  m_NavMeshLayer: 0
  m_StaticEditorFlags: 0
  m_IsActive: 1
--- !u!4 &5249929207771921450
Transform:
  m_ObjectHideFlags: 0
  m_CorrespondingSourceObject: {fileID: 0}
  m_PrefabInstance: {fileID: 0}
  m_PrefabAsset: {fileID: 0}
  m_GameObject: {fileID: 6509456236834691286}
  m_LocalRotation: {x: -0, y: -0, z: -0, w: 1}
  m_LocalPosition: {x: -10.602019, y: 6.430144, z: 4.5528703}
  m_LocalScale: {x: 1, y: 1, z: 1}
  m_Children: []
  m_Father: {fileID: 508250469282118116}
  m_RootOrder: 6
  m_LocalEulerAnglesHint: {x: 0, y: 0, z: 0}
--- !u!212 &9138776618708762318
SpriteRenderer:
  m_ObjectHideFlags: 0
  m_CorrespondingSourceObject: {fileID: 0}
  m_PrefabInstance: {fileID: 0}
  m_PrefabAsset: {fileID: 0}
  m_GameObject: {fileID: 6509456236834691286}
  m_Enabled: 1
  m_CastShadows: 0
  m_ReceiveShadows: 0
  m_DynamicOccludee: 1
  m_MotionVectors: 1
  m_LightProbeUsage: 1
  m_ReflectionProbeUsage: 1
  m_RayTracingMode: 0
  m_RenderingLayerMask: 1
  m_RendererPriority: 0
  m_Materials:
  - {fileID: 10754, guid: 0000000000000000f000000000000000, type: 0}
  m_StaticBatchInfo:
    firstSubMesh: 0
    subMeshCount: 0
  m_StaticBatchRoot: {fileID: 0}
  m_ProbeAnchor: {fileID: 0}
  m_LightProbeVolumeOverride: {fileID: 0}
  m_ScaleInLightmap: 1
  m_ReceiveGI: 1
  m_PreserveUVs: 0
  m_IgnoreNormalsForChartDetection: 0
  m_ImportantGI: 0
  m_StitchLightmapSeams: 1
  m_SelectedEditorRenderState: 0
  m_MinimumChartSize: 4
  m_AutoUVMaxDistance: 0.5
  m_AutoUVMaxAngle: 89
  m_LightmapParameters: {fileID: 0}
  m_SortingLayerID: 0
  m_SortingLayer: 0
  m_SortingOrder: 0
  m_Sprite: {fileID: 21300000, guid: 20f317a1e02aa6147b0e0d506aed2f32, type: 3}
  m_Color: {r: 1, g: 1, b: 1, a: 1}
  m_FlipX: 0
  m_FlipY: 0
  m_DrawMode: 0
  m_Size: {x: 9.18, y: 6.46}
  m_AdaptiveModeThreshold: 0.5
  m_SpriteTileMode: 0
  m_WasSpriteAssigned: 1
  m_MaskInteraction: 0
  m_SpriteSortPoint: 0
--- !u!1 &6671736898466120226
GameObject:
  m_ObjectHideFlags: 0
  m_CorrespondingSourceObject: {fileID: 0}
  m_PrefabInstance: {fileID: 0}
  m_PrefabAsset: {fileID: 0}
  serializedVersion: 6
  m_Component:
  - component: {fileID: 1466832606072340171}
  - component: {fileID: 2823895566970132824}
  m_Layer: 0
  m_Name: 9911
  m_TagString: Untagged
  m_Icon: {fileID: 0}
  m_NavMeshLayer: 0
  m_StaticEditorFlags: 0
  m_IsActive: 1
--- !u!4 &1466832606072340171
Transform:
  m_ObjectHideFlags: 0
  m_CorrespondingSourceObject: {fileID: 0}
  m_PrefabInstance: {fileID: 0}
  m_PrefabAsset: {fileID: 0}
  m_GameObject: {fileID: 6671736898466120226}
  m_LocalRotation: {x: -0, y: -0, z: -0, w: 1}
  m_LocalPosition: {x: 2.99, y: 0.16, z: 11.19}
  m_LocalScale: {x: 1.2924057, y: 1, z: 1}
  m_Children: []
  m_Father: {fileID: 508250469282118116}
  m_RootOrder: 3
  m_LocalEulerAnglesHint: {x: 0, y: 0, z: 0}
--- !u!212 &2823895566970132824
SpriteRenderer:
  m_ObjectHideFlags: 0
  m_CorrespondingSourceObject: {fileID: 0}
  m_PrefabInstance: {fileID: 0}
  m_PrefabAsset: {fileID: 0}
  m_GameObject: {fileID: 6671736898466120226}
  m_Enabled: 1
  m_CastShadows: 0
  m_ReceiveShadows: 0
  m_DynamicOccludee: 1
  m_MotionVectors: 1
  m_LightProbeUsage: 1
  m_ReflectionProbeUsage: 1
  m_RayTracingMode: 0
  m_RenderingLayerMask: 1
  m_RendererPriority: 0
  m_Materials:
  - {fileID: 10754, guid: 0000000000000000f000000000000000, type: 0}
  m_StaticBatchInfo:
    firstSubMesh: 0
    subMeshCount: 0
  m_StaticBatchRoot: {fileID: 0}
  m_ProbeAnchor: {fileID: 0}
  m_LightProbeVolumeOverride: {fileID: 0}
  m_ScaleInLightmap: 1
  m_ReceiveGI: 1
  m_PreserveUVs: 0
  m_IgnoreNormalsForChartDetection: 0
  m_ImportantGI: 0
  m_StitchLightmapSeams: 1
  m_SelectedEditorRenderState: 0
  m_MinimumChartSize: 4
  m_AutoUVMaxDistance: 0.5
  m_AutoUVMaxAngle: 89
  m_LightmapParameters: {fileID: 0}
  m_SortingLayerID: 0
  m_SortingLayer: 0
  m_SortingOrder: 0
  m_Sprite: {fileID: 21300000, guid: 149f9a51355a5704183b6797c8726f00, type: 3}
  m_Color: {r: 1, g: 1, b: 1, a: 1}
  m_FlipX: 0
  m_FlipY: 0
  m_DrawMode: 0
  m_Size: {x: 25.6, y: 14.4}
  m_AdaptiveModeThreshold: 0.5
  m_SpriteTileMode: 0
  m_WasSpriteAssigned: 1
  m_MaskInteraction: 0
  m_SpriteSortPoint: 0
--- !u!114 &6776554089858616430
MonoBehaviour:
  m_ObjectHideFlags: 0
  m_CorrespondingSourceObject: {fileID: 0}
  m_PrefabInstance: {fileID: 0}
  m_PrefabAsset: {fileID: 0}
  m_GameObject: {fileID: 7269818290965286614}
  m_Enabled: 1
  m_EditorHideFlags: 0
  m_Script: {fileID: 11500000, guid: 42cbeff3b1723814ebf633d7b569a40d, type: 3}
  m_Name: 
  m_EditorClassIdentifier: 
  wayPoints:
  - {fileID: 7778293004371948913}
  - {fileID: 3395725977961183411}
  - {fileID: 4838102876070298087}
--- !u!1 &7409569763742261009
GameObject:
  m_ObjectHideFlags: 0
  m_CorrespondingSourceObject: {fileID: 0}
  m_PrefabInstance: {fileID: 0}
  m_PrefabAsset: {fileID: 0}
  serializedVersion: 6
  m_Component:
  - component: {fileID: 7778293004371948913}
  m_Layer: 0
  m_Name: path1a
  m_TagString: Untagged
  m_Icon: {fileID: -964228994112308473, guid: 0000000000000000d000000000000000, type: 0}
  m_NavMeshLayer: 0
  m_StaticEditorFlags: 0
  m_IsActive: 1
--- !u!4 &7778293004371948913
Transform:
  m_ObjectHideFlags: 0
  m_CorrespondingSourceObject: {fileID: 0}
  m_PrefabInstance: {fileID: 0}
  m_PrefabAsset: {fileID: 0}
  m_GameObject: {fileID: 7409569763742261009}
  m_LocalRotation: {x: -0, y: -0, z: -0, w: 1}
  m_LocalPosition: {x: 1.26, y: -6.05, z: 3.7467813}
  m_LocalScale: {x: 1, y: 1, z: 1}
  m_Children: []
  m_Father: {fileID: 508250469282118116}
  m_RootOrder: 20
  m_LocalEulerAnglesHint: {x: 0, y: 0, z: 0}
--- !u!1 &8229179988369198806
GameObject:
  m_ObjectHideFlags: 0
  m_CorrespondingSourceObject: {fileID: 0}
  m_PrefabInstance: {fileID: 0}
  m_PrefabAsset: {fileID: 0}
  serializedVersion: 6
  m_Component:
  - component: {fileID: 1430270457988904267}
  - component: {fileID: 4047525866328278009}
  m_Layer: 0
  m_Name: nube 4.2
  m_TagString: Untagged
  m_Icon: {fileID: 0}
  m_NavMeshLayer: 0
  m_StaticEditorFlags: 0
  m_IsActive: 1
--- !u!4 &1430270457988904267
Transform:
  m_ObjectHideFlags: 0
  m_CorrespondingSourceObject: {fileID: 0}
  m_PrefabInstance: {fileID: 0}
  m_PrefabAsset: {fileID: 0}
  m_GameObject: {fileID: 8229179988369198806}
  m_LocalRotation: {x: -0, y: -0, z: -0, w: 1}
  m_LocalPosition: {x: -0.04, y: -1.14, z: 4.5528703}
  m_LocalScale: {x: 1, y: 1, z: 1}
  m_Children: []
  m_Father: {fileID: 508250469282118116}
  m_RootOrder: 5
  m_LocalEulerAnglesHint: {x: 0, y: 0, z: 0}
--- !u!212 &4047525866328278009
SpriteRenderer:
  m_ObjectHideFlags: 0
  m_CorrespondingSourceObject: {fileID: 0}
  m_PrefabInstance: {fileID: 0}
  m_PrefabAsset: {fileID: 0}
  m_GameObject: {fileID: 8229179988369198806}
  m_Enabled: 1
  m_CastShadows: 0
  m_ReceiveShadows: 0
  m_DynamicOccludee: 1
  m_MotionVectors: 1
  m_LightProbeUsage: 1
  m_ReflectionProbeUsage: 1
  m_RayTracingMode: 0
  m_RenderingLayerMask: 1
  m_RendererPriority: 0
  m_Materials:
  - {fileID: 10754, guid: 0000000000000000f000000000000000, type: 0}
  m_StaticBatchInfo:
    firstSubMesh: 0
    subMeshCount: 0
  m_StaticBatchRoot: {fileID: 0}
  m_ProbeAnchor: {fileID: 0}
  m_LightProbeVolumeOverride: {fileID: 0}
  m_ScaleInLightmap: 1
  m_ReceiveGI: 1
  m_PreserveUVs: 0
  m_IgnoreNormalsForChartDetection: 0
  m_ImportantGI: 0
  m_StitchLightmapSeams: 1
  m_SelectedEditorRenderState: 0
  m_MinimumChartSize: 4
  m_AutoUVMaxDistance: 0.5
  m_AutoUVMaxAngle: 89
  m_LightmapParameters: {fileID: 0}
  m_SortingLayerID: 0
  m_SortingLayer: 0
  m_SortingOrder: 0
  m_Sprite: {fileID: 21300000, guid: 833eb79cbc73df04f9aa68fff9d3f082, type: 3}
  m_Color: {r: 1, g: 1, b: 1, a: 1}
  m_FlipX: 0
  m_FlipY: 0
  m_DrawMode: 0
  m_Size: {x: 7.58, y: 6.69}
  m_AdaptiveModeThreshold: 0.5
  m_SpriteTileMode: 0
  m_WasSpriteAssigned: 1
  m_MaskInteraction: 0
  m_SpriteSortPoint: 0
--- !u!1 &8737479996698271366
GameObject:
  m_ObjectHideFlags: 0
  m_CorrespondingSourceObject: {fileID: 0}
  m_PrefabInstance: {fileID: 0}
  m_PrefabAsset: {fileID: 0}
  serializedVersion: 6
  m_Component:
  - component: {fileID: 5618900899659368404}
  - component: {fileID: 8032522632292130689}
  m_Layer: 0
  m_Name: arbol
  m_TagString: Untagged
  m_Icon: {fileID: 0}
  m_NavMeshLayer: 0
  m_StaticEditorFlags: 0
  m_IsActive: 1
--- !u!4 &5618900899659368404
Transform:
  m_ObjectHideFlags: 0
  m_CorrespondingSourceObject: {fileID: 0}
  m_PrefabInstance: {fileID: 0}
  m_PrefabAsset: {fileID: 0}
  m_GameObject: {fileID: 8737479996698271366}
  m_LocalRotation: {x: -0, y: -0, z: -0, w: 1}
  m_LocalPosition: {x: 5.81, y: -2.68501, z: 4.5528703}
  m_LocalScale: {x: 1, y: 1, z: 1}
  m_Children: []
  m_Father: {fileID: 508250469282118116}
  m_RootOrder: 34
  m_LocalEulerAnglesHint: {x: 0, y: 0, z: 0}
--- !u!212 &8032522632292130689
SpriteRenderer:
  m_ObjectHideFlags: 0
  m_CorrespondingSourceObject: {fileID: 0}
  m_PrefabInstance: {fileID: 0}
  m_PrefabAsset: {fileID: 0}
  m_GameObject: {fileID: 8737479996698271366}
  m_Enabled: 1
  m_CastShadows: 0
  m_ReceiveShadows: 0
  m_DynamicOccludee: 1
  m_MotionVectors: 1
  m_LightProbeUsage: 1
  m_ReflectionProbeUsage: 1
  m_RayTracingMode: 0
  m_RenderingLayerMask: 1
  m_RendererPriority: 0
  m_Materials:
  - {fileID: 10754, guid: 0000000000000000f000000000000000, type: 0}
  m_StaticBatchInfo:
    firstSubMesh: 0
    subMeshCount: 0
  m_StaticBatchRoot: {fileID: 0}
  m_ProbeAnchor: {fileID: 0}
  m_LightProbeVolumeOverride: {fileID: 0}
  m_ScaleInLightmap: 1
  m_ReceiveGI: 1
  m_PreserveUVs: 0
  m_IgnoreNormalsForChartDetection: 0
  m_ImportantGI: 0
  m_StitchLightmapSeams: 1
  m_SelectedEditorRenderState: 0
  m_MinimumChartSize: 4
  m_AutoUVMaxDistance: 0.5
  m_AutoUVMaxAngle: 89
  m_LightmapParameters: {fileID: 0}
  m_SortingLayerID: 0
  m_SortingLayer: 0
  m_SortingOrder: 0
  m_Sprite: {fileID: 21300000, guid: 7e73dca392f25874085bbf0fc39412f9, type: 3}
  m_Color: {r: 1, g: 1, b: 1, a: 1}
  m_FlipX: 0
  m_FlipY: 0
  m_DrawMode: 0
  m_Size: {x: 6.19, y: 6.5}
  m_AdaptiveModeThreshold: 0.5
  m_SpriteTileMode: 0
  m_WasSpriteAssigned: 1
  m_MaskInteraction: 0
  m_SpriteSortPoint: 0
--- !u!1 &8824823940961314336
GameObject:
  m_ObjectHideFlags: 0
  m_CorrespondingSourceObject: {fileID: 0}
  m_PrefabInstance: {fileID: 0}
  m_PrefabAsset: {fileID: 0}
  serializedVersion: 6
  m_Component:
  - component: {fileID: 1560276684176208965}
  m_Layer: 0
  m_Name: path1a (3)
  m_TagString: Untagged
  m_Icon: {fileID: -964228994112308473, guid: 0000000000000000d000000000000000, type: 0}
  m_NavMeshLayer: 0
  m_StaticEditorFlags: 0
  m_IsActive: 1
--- !u!4 &1560276684176208965
Transform:
  m_ObjectHideFlags: 0
  m_CorrespondingSourceObject: {fileID: 0}
  m_PrefabInstance: {fileID: 0}
  m_PrefabAsset: {fileID: 0}
  m_GameObject: {fileID: 8824823940961314336}
  m_LocalRotation: {x: -0, y: -0, z: -0, w: 1}
  m_LocalPosition: {x: 5.53, y: -6.05, z: 3.7467813}
  m_LocalScale: {x: 1, y: 1, z: 1}
  m_Children: []
  m_Father: {fileID: 508250469282118116}
  m_RootOrder: 23
  m_LocalEulerAnglesHint: {x: 0, y: 0, z: 0}
--- !u!1001 &468053612106413019
PrefabInstance:
  m_ObjectHideFlags: 0
  serializedVersion: 2
  m_Modification:
    m_TransformParent: {fileID: 508250469282118116}
    m_Modifications:
    - target: {fileID: 7827814685311632944, guid: a49e096849ea11a428e33f8d30317eff,
        type: 3}
      propertyPath: m_RootOrder
      value: 26
      objectReference: {fileID: 0}
    - target: {fileID: 7827814685311632944, guid: a49e096849ea11a428e33f8d30317eff,
        type: 3}
      propertyPath: m_LocalPosition.x
      value: 5.31
      objectReference: {fileID: 0}
    - target: {fileID: 7827814685311632944, guid: a49e096849ea11a428e33f8d30317eff,
        type: 3}
      propertyPath: m_LocalPosition.y
      value: -6.02
      objectReference: {fileID: 0}
    - target: {fileID: 7827814685311632944, guid: a49e096849ea11a428e33f8d30317eff,
        type: 3}
      propertyPath: m_LocalPosition.z
      value: 6.55
      objectReference: {fileID: 0}
    - target: {fileID: 7827814685311632944, guid: a49e096849ea11a428e33f8d30317eff,
        type: 3}
      propertyPath: m_LocalRotation.w
      value: 1
      objectReference: {fileID: 0}
    - target: {fileID: 7827814685311632944, guid: a49e096849ea11a428e33f8d30317eff,
        type: 3}
      propertyPath: m_LocalRotation.x
      value: -0
      objectReference: {fileID: 0}
    - target: {fileID: 7827814685311632944, guid: a49e096849ea11a428e33f8d30317eff,
        type: 3}
      propertyPath: m_LocalRotation.y
      value: -0
      objectReference: {fileID: 0}
    - target: {fileID: 7827814685311632944, guid: a49e096849ea11a428e33f8d30317eff,
        type: 3}
      propertyPath: m_LocalRotation.z
      value: -0
      objectReference: {fileID: 0}
    - target: {fileID: 7827814685311632944, guid: a49e096849ea11a428e33f8d30317eff,
        type: 3}
      propertyPath: m_LocalEulerAnglesHint.x
      value: 0
      objectReference: {fileID: 0}
    - target: {fileID: 7827814685311632944, guid: a49e096849ea11a428e33f8d30317eff,
        type: 3}
      propertyPath: m_LocalEulerAnglesHint.y
      value: 0
      objectReference: {fileID: 0}
    - target: {fileID: 7827814685311632944, guid: a49e096849ea11a428e33f8d30317eff,
        type: 3}
      propertyPath: m_LocalEulerAnglesHint.z
      value: 0
      objectReference: {fileID: 0}
    - target: {fileID: 7827814685311632949, guid: a49e096849ea11a428e33f8d30317eff,
        type: 3}
      propertyPath: m_Name
      value: pezrosa
      objectReference: {fileID: 0}
    - target: {fileID: 8348794252831018911, guid: a49e096849ea11a428e33f8d30317eff,
        type: 3}
      propertyPath: wayPoints.Array.size
      value: 2
      objectReference: {fileID: 0}
    - target: {fileID: 8348794252831018911, guid: a49e096849ea11a428e33f8d30317eff,
        type: 3}
      propertyPath: wayPoints.Array.data[0]
      value: 
      objectReference: {fileID: 1615627522732398602}
    - target: {fileID: 8348794252831018911, guid: a49e096849ea11a428e33f8d30317eff,
        type: 3}
      propertyPath: wayPoints.Array.data[1]
      value: 
      objectReference: {fileID: 1560276684176208965}
    - target: {fileID: 8348794252831018911, guid: a49e096849ea11a428e33f8d30317eff,
        type: 3}
      propertyPath: wayPoints.Array.data[2]
      value: 
      objectReference: {fileID: 1560276684176208965}
    m_RemovedComponents: []
  m_SourcePrefab: {fileID: 100100000, guid: a49e096849ea11a428e33f8d30317eff, type: 3}
--- !u!4 &7700917577591485931 stripped
Transform:
  m_CorrespondingSourceObject: {fileID: 7827814685311632944, guid: a49e096849ea11a428e33f8d30317eff,
    type: 3}
  m_PrefabInstance: {fileID: 468053612106413019}
  m_PrefabAsset: {fileID: 0}
--- !u!1001 &746412954858018591
PrefabInstance:
  m_ObjectHideFlags: 0
  serializedVersion: 2
  m_Modification:
    m_TransformParent: {fileID: 508250469282118116}
    m_Modifications:
    - target: {fileID: 2771032650709832456, guid: 3356911ab7e96314e820cfa178cc0112,
        type: 3}
      propertyPath: m_Color.b
      value: 0.59451765
      objectReference: {fileID: 0}
    - target: {fileID: 2771032650709832456, guid: 3356911ab7e96314e820cfa178cc0112,
        type: 3}
      propertyPath: m_Color.g
      value: 0.754717
      objectReference: {fileID: 0}
    - target: {fileID: 2771032650709832456, guid: 3356911ab7e96314e820cfa178cc0112,
        type: 3}
      propertyPath: m_Color.r
      value: 0.60232
      objectReference: {fileID: 0}
    - target: {fileID: 6010136727544065156, guid: 3356911ab7e96314e820cfa178cc0112,
        type: 3}
      propertyPath: m_RootOrder
      value: 31
      objectReference: {fileID: 0}
    - target: {fileID: 6010136727544065156, guid: 3356911ab7e96314e820cfa178cc0112,
        type: 3}
      propertyPath: m_LocalScale.x
      value: 1.0564295
      objectReference: {fileID: 0}
    - target: {fileID: 6010136727544065156, guid: 3356911ab7e96314e820cfa178cc0112,
        type: 3}
      propertyPath: m_LocalPosition.x
      value: 12.5
      objectReference: {fileID: 0}
    - target: {fileID: 6010136727544065156, guid: 3356911ab7e96314e820cfa178cc0112,
        type: 3}
      propertyPath: m_LocalPosition.y
      value: -3.98
      objectReference: {fileID: 0}
    - target: {fileID: 6010136727544065156, guid: 3356911ab7e96314e820cfa178cc0112,
        type: 3}
      propertyPath: m_LocalPosition.z
      value: 3.03
      objectReference: {fileID: 0}
    - target: {fileID: 6010136727544065156, guid: 3356911ab7e96314e820cfa178cc0112,
        type: 3}
      propertyPath: m_LocalRotation.w
      value: 1
      objectReference: {fileID: 0}
    - target: {fileID: 6010136727544065156, guid: 3356911ab7e96314e820cfa178cc0112,
        type: 3}
      propertyPath: m_LocalRotation.x
      value: -0
      objectReference: {fileID: 0}
    - target: {fileID: 6010136727544065156, guid: 3356911ab7e96314e820cfa178cc0112,
        type: 3}
      propertyPath: m_LocalRotation.y
      value: -0
      objectReference: {fileID: 0}
    - target: {fileID: 6010136727544065156, guid: 3356911ab7e96314e820cfa178cc0112,
        type: 3}
      propertyPath: m_LocalRotation.z
      value: -0
      objectReference: {fileID: 0}
    - target: {fileID: 6010136727544065156, guid: 3356911ab7e96314e820cfa178cc0112,
        type: 3}
      propertyPath: m_LocalEulerAnglesHint.x
      value: 0
      objectReference: {fileID: 0}
    - target: {fileID: 6010136727544065156, guid: 3356911ab7e96314e820cfa178cc0112,
        type: 3}
      propertyPath: m_LocalEulerAnglesHint.y
      value: 0
      objectReference: {fileID: 0}
    - target: {fileID: 6010136727544065156, guid: 3356911ab7e96314e820cfa178cc0112,
        type: 3}
      propertyPath: m_LocalEulerAnglesHint.z
      value: 0
      objectReference: {fileID: 0}
    - target: {fileID: 7966011526346291766, guid: 3356911ab7e96314e820cfa178cc0112,
        type: 3}
      propertyPath: m_Name
      value: plataforma (3)
      objectReference: {fileID: 0}
    m_RemovedComponents: []
  m_SourcePrefab: {fileID: 100100000, guid: 3356911ab7e96314e820cfa178cc0112, type: 3}
--- !u!4 &6427623076464507803 stripped
Transform:
  m_CorrespondingSourceObject: {fileID: 6010136727544065156, guid: 3356911ab7e96314e820cfa178cc0112,
    type: 3}
  m_PrefabInstance: {fileID: 746412954858018591}
  m_PrefabAsset: {fileID: 0}
--- !u!1001 &901299533605176264
PrefabInstance:
  m_ObjectHideFlags: 0
  serializedVersion: 2
  m_Modification:
    m_TransformParent: {fileID: 508250469282118116}
    m_Modifications:
    - target: {fileID: 3211108306284405508, guid: 007f9546fe3f3eb4da36d7545dd17468,
        type: 3}
      propertyPath: m_LocalPosition.x
      value: -0.05
      objectReference: {fileID: 0}
    - target: {fileID: 6667233092104323633, guid: 007f9546fe3f3eb4da36d7545dd17468,
        type: 3}
      propertyPath: m_Name
      value: agua
      objectReference: {fileID: 0}
    - target: {fileID: 6667233092104323636, guid: 007f9546fe3f3eb4da36d7545dd17468,
        type: 3}
      propertyPath: m_RootOrder
      value: 9
      objectReference: {fileID: 0}
    - target: {fileID: 6667233092104323636, guid: 007f9546fe3f3eb4da36d7545dd17468,
        type: 3}
      propertyPath: m_LocalPosition.x
      value: -1.41
      objectReference: {fileID: 0}
    - target: {fileID: 6667233092104323636, guid: 007f9546fe3f3eb4da36d7545dd17468,
        type: 3}
      propertyPath: m_LocalPosition.y
      value: -6.12
      objectReference: {fileID: 0}
    - target: {fileID: 6667233092104323636, guid: 007f9546fe3f3eb4da36d7545dd17468,
        type: 3}
      propertyPath: m_LocalPosition.z
      value: 6.17
      objectReference: {fileID: 0}
    - target: {fileID: 6667233092104323636, guid: 007f9546fe3f3eb4da36d7545dd17468,
        type: 3}
      propertyPath: m_LocalRotation.w
      value: 0.7071068
      objectReference: {fileID: 0}
    - target: {fileID: 6667233092104323636, guid: 007f9546fe3f3eb4da36d7545dd17468,
        type: 3}
      propertyPath: m_LocalRotation.x
      value: 0
      objectReference: {fileID: 0}
    - target: {fileID: 6667233092104323636, guid: 007f9546fe3f3eb4da36d7545dd17468,
        type: 3}
      propertyPath: m_LocalRotation.y
      value: 0
      objectReference: {fileID: 0}
    - target: {fileID: 6667233092104323636, guid: 007f9546fe3f3eb4da36d7545dd17468,
        type: 3}
      propertyPath: m_LocalRotation.z
      value: -0.7071068
      objectReference: {fileID: 0}
    - target: {fileID: 6667233092104323636, guid: 007f9546fe3f3eb4da36d7545dd17468,
        type: 3}
      propertyPath: m_LocalEulerAnglesHint.x
      value: 0
      objectReference: {fileID: 0}
    - target: {fileID: 6667233092104323636, guid: 007f9546fe3f3eb4da36d7545dd17468,
        type: 3}
      propertyPath: m_LocalEulerAnglesHint.y
      value: 0
      objectReference: {fileID: 0}
    - target: {fileID: 6667233092104323636, guid: 007f9546fe3f3eb4da36d7545dd17468,
        type: 3}
      propertyPath: m_LocalEulerAnglesHint.z
      value: -90
      objectReference: {fileID: 0}
    m_RemovedComponents: []
  m_SourcePrefab: {fileID: 100100000, guid: 007f9546fe3f3eb4da36d7545dd17468, type: 3}
--- !u!4 &5765955570214928892 stripped
Transform:
  m_CorrespondingSourceObject: {fileID: 6667233092104323636, guid: 007f9546fe3f3eb4da36d7545dd17468,
    type: 3}
  m_PrefabInstance: {fileID: 901299533605176264}
  m_PrefabAsset: {fileID: 0}
--- !u!1001 &1447452867724966186
PrefabInstance:
  m_ObjectHideFlags: 0
  serializedVersion: 2
  m_Modification:
    m_TransformParent: {fileID: 508250469282118116}
    m_Modifications:
    - target: {fileID: 6667233092104323633, guid: 007f9546fe3f3eb4da36d7545dd17468,
        type: 3}
      propertyPath: m_Name
      value: agua (3)
      objectReference: {fileID: 0}
    - target: {fileID: 6667233092104323636, guid: 007f9546fe3f3eb4da36d7545dd17468,
        type: 3}
      propertyPath: m_RootOrder
      value: 29
      objectReference: {fileID: 0}
    - target: {fileID: 6667233092104323636, guid: 007f9546fe3f3eb4da36d7545dd17468,
        type: 3}
      propertyPath: m_LocalPosition.x
      value: 12.18
      objectReference: {fileID: 0}
    - target: {fileID: 6667233092104323636, guid: 007f9546fe3f3eb4da36d7545dd17468,
        type: 3}
      propertyPath: m_LocalPosition.y
      value: -6.12
      objectReference: {fileID: 0}
    - target: {fileID: 6667233092104323636, guid: 007f9546fe3f3eb4da36d7545dd17468,
        type: 3}
      propertyPath: m_LocalPosition.z
      value: 6.7200003
      objectReference: {fileID: 0}
    - target: {fileID: 6667233092104323636, guid: 007f9546fe3f3eb4da36d7545dd17468,
        type: 3}
      propertyPath: m_LocalRotation.w
      value: 0.7071068
      objectReference: {fileID: 0}
    - target: {fileID: 6667233092104323636, guid: 007f9546fe3f3eb4da36d7545dd17468,
        type: 3}
      propertyPath: m_LocalRotation.x
      value: 0
      objectReference: {fileID: 0}
    - target: {fileID: 6667233092104323636, guid: 007f9546fe3f3eb4da36d7545dd17468,
        type: 3}
      propertyPath: m_LocalRotation.y
      value: 0
      objectReference: {fileID: 0}
    - target: {fileID: 6667233092104323636, guid: 007f9546fe3f3eb4da36d7545dd17468,
        type: 3}
      propertyPath: m_LocalRotation.z
      value: -0.7071068
      objectReference: {fileID: 0}
    - target: {fileID: 6667233092104323636, guid: 007f9546fe3f3eb4da36d7545dd17468,
        type: 3}
      propertyPath: m_LocalEulerAnglesHint.x
      value: 0
      objectReference: {fileID: 0}
    - target: {fileID: 6667233092104323636, guid: 007f9546fe3f3eb4da36d7545dd17468,
        type: 3}
      propertyPath: m_LocalEulerAnglesHint.y
      value: 0
      objectReference: {fileID: 0}
    - target: {fileID: 6667233092104323636, guid: 007f9546fe3f3eb4da36d7545dd17468,
        type: 3}
      propertyPath: m_LocalEulerAnglesHint.z
      value: -90
      objectReference: {fileID: 0}
    m_RemovedComponents: []
  m_SourcePrefab: {fileID: 100100000, guid: 007f9546fe3f3eb4da36d7545dd17468, type: 3}
--- !u!4 &5228863451006663454 stripped
Transform:
  m_CorrespondingSourceObject: {fileID: 6667233092104323636, guid: 007f9546fe3f3eb4da36d7545dd17468,
    type: 3}
  m_PrefabInstance: {fileID: 1447452867724966186}
  m_PrefabAsset: {fileID: 0}
--- !u!1001 &1698535766325569562
PrefabInstance:
  m_ObjectHideFlags: 0
  serializedVersion: 2
  m_Modification:
    m_TransformParent: {fileID: 508250469282118116}
    m_Modifications:
    - target: {fileID: 6667233092104323633, guid: 007f9546fe3f3eb4da36d7545dd17468,
        type: 3}
      propertyPath: m_Name
      value: agua (1)
      objectReference: {fileID: 0}
    - target: {fileID: 6667233092104323636, guid: 007f9546fe3f3eb4da36d7545dd17468,
        type: 3}
      propertyPath: m_RootOrder
      value: 12
      objectReference: {fileID: 0}
    - target: {fileID: 6667233092104323636, guid: 007f9546fe3f3eb4da36d7545dd17468,
        type: 3}
      propertyPath: m_LocalPosition.x
      value: 4.17
      objectReference: {fileID: 0}
    - target: {fileID: 6667233092104323636, guid: 007f9546fe3f3eb4da36d7545dd17468,
        type: 3}
      propertyPath: m_LocalPosition.y
      value: -6.12
      objectReference: {fileID: 0}
    - target: {fileID: 6667233092104323636, guid: 007f9546fe3f3eb4da36d7545dd17468,
        type: 3}
      propertyPath: m_LocalPosition.z
      value: 6.3500004
      objectReference: {fileID: 0}
    - target: {fileID: 6667233092104323636, guid: 007f9546fe3f3eb4da36d7545dd17468,
        type: 3}
      propertyPath: m_LocalRotation.w
      value: 0.7071068
      objectReference: {fileID: 0}
    - target: {fileID: 6667233092104323636, guid: 007f9546fe3f3eb4da36d7545dd17468,
        type: 3}
      propertyPath: m_LocalRotation.x
      value: 0
      objectReference: {fileID: 0}
    - target: {fileID: 6667233092104323636, guid: 007f9546fe3f3eb4da36d7545dd17468,
        type: 3}
      propertyPath: m_LocalRotation.y
      value: 0
      objectReference: {fileID: 0}
    - target: {fileID: 6667233092104323636, guid: 007f9546fe3f3eb4da36d7545dd17468,
        type: 3}
      propertyPath: m_LocalRotation.z
      value: -0.7071068
      objectReference: {fileID: 0}
    - target: {fileID: 6667233092104323636, guid: 007f9546fe3f3eb4da36d7545dd17468,
        type: 3}
      propertyPath: m_LocalEulerAnglesHint.x
      value: 0
      objectReference: {fileID: 0}
    - target: {fileID: 6667233092104323636, guid: 007f9546fe3f3eb4da36d7545dd17468,
        type: 3}
      propertyPath: m_LocalEulerAnglesHint.y
      value: 0
      objectReference: {fileID: 0}
    - target: {fileID: 6667233092104323636, guid: 007f9546fe3f3eb4da36d7545dd17468,
        type: 3}
      propertyPath: m_LocalEulerAnglesHint.z
      value: -90
      objectReference: {fileID: 0}
    m_RemovedComponents: []
  m_SourcePrefab: {fileID: 100100000, guid: 007f9546fe3f3eb4da36d7545dd17468, type: 3}
--- !u!4 &5410138630217411118 stripped
Transform:
  m_CorrespondingSourceObject: {fileID: 6667233092104323636, guid: 007f9546fe3f3eb4da36d7545dd17468,
    type: 3}
  m_PrefabInstance: {fileID: 1698535766325569562}
  m_PrefabAsset: {fileID: 0}
--- !u!1001 &2921878732025817281
PrefabInstance:
  m_ObjectHideFlags: 0
  serializedVersion: 2
  m_Modification:
    m_TransformParent: {fileID: 508250469282118116}
    m_Modifications:
    - target: {fileID: 1813971366617241305, guid: 75f2ab33f87dde3458f41f53715a7d35,
        type: 3}
      propertyPath: m_Name
      value: suelo 2 (5)
      objectReference: {fileID: 0}
    - target: {fileID: 4892126402919833597, guid: 75f2ab33f87dde3458f41f53715a7d35,
        type: 3}
      propertyPath: m_RootOrder
      value: 11
      objectReference: {fileID: 0}
    - target: {fileID: 4892126402919833597, guid: 75f2ab33f87dde3458f41f53715a7d35,
        type: 3}
      propertyPath: m_LocalPosition.x
      value: 14.7
      objectReference: {fileID: 0}
    - target: {fileID: 4892126402919833597, guid: 75f2ab33f87dde3458f41f53715a7d35,
        type: 3}
      propertyPath: m_LocalPosition.y
      value: -4.78
      objectReference: {fileID: 0}
    - target: {fileID: 4892126402919833597, guid: 75f2ab33f87dde3458f41f53715a7d35,
        type: 3}
      propertyPath: m_LocalPosition.z
      value: 3.38
      objectReference: {fileID: 0}
    - target: {fileID: 4892126402919833597, guid: 75f2ab33f87dde3458f41f53715a7d35,
        type: 3}
      propertyPath: m_LocalRotation.w
      value: 1
      objectReference: {fileID: 0}
    - target: {fileID: 4892126402919833597, guid: 75f2ab33f87dde3458f41f53715a7d35,
        type: 3}
      propertyPath: m_LocalRotation.x
      value: -0
      objectReference: {fileID: 0}
    - target: {fileID: 4892126402919833597, guid: 75f2ab33f87dde3458f41f53715a7d35,
        type: 3}
      propertyPath: m_LocalRotation.y
      value: -0
      objectReference: {fileID: 0}
    - target: {fileID: 4892126402919833597, guid: 75f2ab33f87dde3458f41f53715a7d35,
        type: 3}
      propertyPath: m_LocalRotation.z
      value: -0
      objectReference: {fileID: 0}
    - target: {fileID: 4892126402919833597, guid: 75f2ab33f87dde3458f41f53715a7d35,
        type: 3}
      propertyPath: m_LocalEulerAnglesHint.x
      value: 0
      objectReference: {fileID: 0}
    - target: {fileID: 4892126402919833597, guid: 75f2ab33f87dde3458f41f53715a7d35,
        type: 3}
      propertyPath: m_LocalEulerAnglesHint.y
      value: 0
      objectReference: {fileID: 0}
    - target: {fileID: 4892126402919833597, guid: 75f2ab33f87dde3458f41f53715a7d35,
        type: 3}
      propertyPath: m_LocalEulerAnglesHint.z
      value: 0
      objectReference: {fileID: 0}
    m_RemovedComponents: []
  m_SourcePrefab: {fileID: 100100000, guid: 75f2ab33f87dde3458f41f53715a7d35, type: 3}
--- !u!4 &7739658279515748156 stripped
Transform:
  m_CorrespondingSourceObject: {fileID: 4892126402919833597, guid: 75f2ab33f87dde3458f41f53715a7d35,
    type: 3}
  m_PrefabInstance: {fileID: 2921878732025817281}
  m_PrefabAsset: {fileID: 0}
--- !u!1001 &3533058530212877732
PrefabInstance:
  m_ObjectHideFlags: 0
  serializedVersion: 2
  m_Modification:
    m_TransformParent: {fileID: 508250469282118116}
    m_Modifications:
    - target: {fileID: 1813971366617241305, guid: 75f2ab33f87dde3458f41f53715a7d35,
        type: 3}
      propertyPath: m_Name
      value: suelo 2 (7)
      objectReference: {fileID: 0}
    - target: {fileID: 4892126402919833597, guid: 75f2ab33f87dde3458f41f53715a7d35,
        type: 3}
      propertyPath: m_RootOrder
      value: 15
      objectReference: {fileID: 0}
    - target: {fileID: 4892126402919833597, guid: 75f2ab33f87dde3458f41f53715a7d35,
        type: 3}
      propertyPath: m_LocalPosition.x
      value: 4.66
      objectReference: {fileID: 0}
    - target: {fileID: 4892126402919833597, guid: 75f2ab33f87dde3458f41f53715a7d35,
        type: 3}
      propertyPath: m_LocalPosition.y
      value: -4.63
      objectReference: {fileID: 0}
    - target: {fileID: 4892126402919833597, guid: 75f2ab33f87dde3458f41f53715a7d35,
        type: 3}
      propertyPath: m_LocalPosition.z
      value: 2.81
      objectReference: {fileID: 0}
    - target: {fileID: 4892126402919833597, guid: 75f2ab33f87dde3458f41f53715a7d35,
        type: 3}
      propertyPath: m_LocalRotation.w
      value: 1
      objectReference: {fileID: 0}
    - target: {fileID: 4892126402919833597, guid: 75f2ab33f87dde3458f41f53715a7d35,
        type: 3}
      propertyPath: m_LocalRotation.x
      value: -0
      objectReference: {fileID: 0}
    - target: {fileID: 4892126402919833597, guid: 75f2ab33f87dde3458f41f53715a7d35,
        type: 3}
      propertyPath: m_LocalRotation.y
      value: -0
      objectReference: {fileID: 0}
    - target: {fileID: 4892126402919833597, guid: 75f2ab33f87dde3458f41f53715a7d35,
        type: 3}
      propertyPath: m_LocalRotation.z
      value: -0
      objectReference: {fileID: 0}
    - target: {fileID: 4892126402919833597, guid: 75f2ab33f87dde3458f41f53715a7d35,
        type: 3}
      propertyPath: m_LocalEulerAnglesHint.x
      value: 0
      objectReference: {fileID: 0}
    - target: {fileID: 4892126402919833597, guid: 75f2ab33f87dde3458f41f53715a7d35,
        type: 3}
      propertyPath: m_LocalEulerAnglesHint.y
      value: 0
      objectReference: {fileID: 0}
    - target: {fileID: 4892126402919833597, guid: 75f2ab33f87dde3458f41f53715a7d35,
        type: 3}
      propertyPath: m_LocalEulerAnglesHint.z
      value: 0
      objectReference: {fileID: 0}
    m_RemovedComponents: []
  m_SourcePrefab: {fileID: 100100000, guid: 75f2ab33f87dde3458f41f53715a7d35, type: 3}
--- !u!4 &8278637598224157273 stripped
Transform:
  m_CorrespondingSourceObject: {fileID: 4892126402919833597, guid: 75f2ab33f87dde3458f41f53715a7d35,
    type: 3}
  m_PrefabInstance: {fileID: 3533058530212877732}
  m_PrefabAsset: {fileID: 0}
--- !u!1001 &3593389210869054400
PrefabInstance:
  m_ObjectHideFlags: 0
  serializedVersion: 2
  m_Modification:
    m_TransformParent: {fileID: 508250469282118116}
    m_Modifications:
    - target: {fileID: 1417399611669044364, guid: 946139100b72eb34e8770af917010018,
        type: 3}
      propertyPath: wayPoints.Array.size
      value: 3
      objectReference: {fileID: 0}
    - target: {fileID: 1417399611669044364, guid: 946139100b72eb34e8770af917010018,
        type: 3}
      propertyPath: wayPoints.Array.data[0]
      value: 
      objectReference: {fileID: 7778293004371948913}
    - target: {fileID: 1417399611669044364, guid: 946139100b72eb34e8770af917010018,
        type: 3}
      propertyPath: wayPoints.Array.data[1]
      value: 
      objectReference: {fileID: 4838102876070298087}
    - target: {fileID: 1417399611669044364, guid: 946139100b72eb34e8770af917010018,
        type: 3}
      propertyPath: wayPoints.Array.data[2]
      value: 
      objectReference: {fileID: 3395725977961183411}
    - target: {fileID: 6142308756082242835, guid: 946139100b72eb34e8770af917010018,
        type: 3}
      propertyPath: m_RootOrder
      value: 19
      objectReference: {fileID: 0}
    - target: {fileID: 6142308756082242835, guid: 946139100b72eb34e8770af917010018,
        type: 3}
      propertyPath: m_LocalScale.x
      value: -0.58345747
      objectReference: {fileID: 0}
    - target: {fileID: 6142308756082242835, guid: 946139100b72eb34e8770af917010018,
        type: 3}
      propertyPath: m_LocalScale.y
      value: 0.4170487
      objectReference: {fileID: 0}
    - target: {fileID: 6142308756082242835, guid: 946139100b72eb34e8770af917010018,
        type: 3}
      propertyPath: m_LocalScale.z
      value: 0.65952
      objectReference: {fileID: 0}
    - target: {fileID: 6142308756082242835, guid: 946139100b72eb34e8770af917010018,
        type: 3}
      propertyPath: m_LocalPosition.x
      value: -0.56
      objectReference: {fileID: 0}
    - target: {fileID: 6142308756082242835, guid: 946139100b72eb34e8770af917010018,
        type: 3}
      propertyPath: m_LocalPosition.y
      value: -6.36
      objectReference: {fileID: 0}
    - target: {fileID: 6142308756082242835, guid: 946139100b72eb34e8770af917010018,
        type: 3}
      propertyPath: m_LocalPosition.z
      value: 6.55
      objectReference: {fileID: 0}
    - target: {fileID: 6142308756082242835, guid: 946139100b72eb34e8770af917010018,
        type: 3}
      propertyPath: m_LocalRotation.w
      value: 1
      objectReference: {fileID: 0}
    - target: {fileID: 6142308756082242835, guid: 946139100b72eb34e8770af917010018,
        type: 3}
      propertyPath: m_LocalRotation.x
      value: -0
      objectReference: {fileID: 0}
    - target: {fileID: 6142308756082242835, guid: 946139100b72eb34e8770af917010018,
        type: 3}
      propertyPath: m_LocalRotation.y
      value: -0
      objectReference: {fileID: 0}
    - target: {fileID: 6142308756082242835, guid: 946139100b72eb34e8770af917010018,
        type: 3}
      propertyPath: m_LocalRotation.z
      value: -0
      objectReference: {fileID: 0}
    - target: {fileID: 6142308756082242835, guid: 946139100b72eb34e8770af917010018,
        type: 3}
      propertyPath: m_LocalEulerAnglesHint.x
      value: 0
      objectReference: {fileID: 0}
    - target: {fileID: 6142308756082242835, guid: 946139100b72eb34e8770af917010018,
        type: 3}
      propertyPath: m_LocalEulerAnglesHint.y
      value: 0
      objectReference: {fileID: 0}
    - target: {fileID: 6142308756082242835, guid: 946139100b72eb34e8770af917010018,
        type: 3}
      propertyPath: m_LocalEulerAnglesHint.z
      value: 0
      objectReference: {fileID: 0}
    - target: {fileID: 6142308756082242838, guid: 946139100b72eb34e8770af917010018,
        type: 3}
      propertyPath: m_Name
      value: gallina obst (1)
      objectReference: {fileID: 0}
    m_RemovedComponents:
    - {fileID: 1417399611669044364, guid: 946139100b72eb34e8770af917010018, type: 3}
  m_SourcePrefab: {fileID: 100100000, guid: 946139100b72eb34e8770af917010018, type: 3}
--- !u!1 &7269818290965286614 stripped
GameObject:
  m_CorrespondingSourceObject: {fileID: 6142308756082242838, guid: 946139100b72eb34e8770af917010018,
    type: 3}
  m_PrefabInstance: {fileID: 3593389210869054400}
  m_PrefabAsset: {fileID: 0}
--- !u!4 &7269818290965286611 stripped
Transform:
  m_CorrespondingSourceObject: {fileID: 6142308756082242835, guid: 946139100b72eb34e8770af917010018,
    type: 3}
  m_PrefabInstance: {fileID: 3593389210869054400}
  m_PrefabAsset: {fileID: 0}
--- !u!1001 &3762443844956375613
PrefabInstance:
  m_ObjectHideFlags: 0
  serializedVersion: 2
  m_Modification:
    m_TransformParent: {fileID: 508250469282118116}
    m_Modifications:
    - target: {fileID: 2771032650709832456, guid: 3356911ab7e96314e820cfa178cc0112,
        type: 3}
      propertyPath: m_Color.b
      value: 0.59451765
      objectReference: {fileID: 0}
    - target: {fileID: 2771032650709832456, guid: 3356911ab7e96314e820cfa178cc0112,
        type: 3}
      propertyPath: m_Color.g
      value: 0.754717
      objectReference: {fileID: 0}
    - target: {fileID: 2771032650709832456, guid: 3356911ab7e96314e820cfa178cc0112,
        type: 3}
      propertyPath: m_Color.r
      value: 0.60232
      objectReference: {fileID: 0}
    - target: {fileID: 6010136727544065156, guid: 3356911ab7e96314e820cfa178cc0112,
        type: 3}
      propertyPath: m_RootOrder
      value: 27
      objectReference: {fileID: 0}
    - target: {fileID: 6010136727544065156, guid: 3356911ab7e96314e820cfa178cc0112,
        type: 3}
      propertyPath: m_LocalScale.x
      value: 1.360153
      objectReference: {fileID: 0}
    - target: {fileID: 6010136727544065156, guid: 3356911ab7e96314e820cfa178cc0112,
        type: 3}
      propertyPath: m_LocalPosition.x
      value: 7.87
      objectReference: {fileID: 0}
    - target: {fileID: 6010136727544065156, guid: 3356911ab7e96314e820cfa178cc0112,
        type: 3}
      propertyPath: m_LocalPosition.y
      value: -4.39
      objectReference: {fileID: 0}
    - target: {fileID: 6010136727544065156, guid: 3356911ab7e96314e820cfa178cc0112,
        type: 3}
      propertyPath: m_LocalPosition.z
      value: 3.03
      objectReference: {fileID: 0}
    - target: {fileID: 6010136727544065156, guid: 3356911ab7e96314e820cfa178cc0112,
        type: 3}
      propertyPath: m_LocalRotation.w
      value: 1
      objectReference: {fileID: 0}
    - target: {fileID: 6010136727544065156, guid: 3356911ab7e96314e820cfa178cc0112,
        type: 3}
      propertyPath: m_LocalRotation.x
      value: -0
      objectReference: {fileID: 0}
    - target: {fileID: 6010136727544065156, guid: 3356911ab7e96314e820cfa178cc0112,
        type: 3}
      propertyPath: m_LocalRotation.y
      value: -0
      objectReference: {fileID: 0}
    - target: {fileID: 6010136727544065156, guid: 3356911ab7e96314e820cfa178cc0112,
        type: 3}
      propertyPath: m_LocalRotation.z
      value: -0
      objectReference: {fileID: 0}
    - target: {fileID: 6010136727544065156, guid: 3356911ab7e96314e820cfa178cc0112,
        type: 3}
      propertyPath: m_LocalEulerAnglesHint.x
      value: 0
      objectReference: {fileID: 0}
    - target: {fileID: 6010136727544065156, guid: 3356911ab7e96314e820cfa178cc0112,
        type: 3}
      propertyPath: m_LocalEulerAnglesHint.y
      value: 0
      objectReference: {fileID: 0}
    - target: {fileID: 6010136727544065156, guid: 3356911ab7e96314e820cfa178cc0112,
        type: 3}
      propertyPath: m_LocalEulerAnglesHint.z
      value: 0
      objectReference: {fileID: 0}
    - target: {fileID: 7966011526346291766, guid: 3356911ab7e96314e820cfa178cc0112,
        type: 3}
      propertyPath: m_Name
      value: plataforma (2)
      objectReference: {fileID: 0}
    m_RemovedComponents: []
  m_SourcePrefab: {fileID: 100100000, guid: 3356911ab7e96314e820cfa178cc0112, type: 3}
--- !u!4 &7448576911450580665 stripped
Transform:
  m_CorrespondingSourceObject: {fileID: 6010136727544065156, guid: 3356911ab7e96314e820cfa178cc0112,
    type: 3}
  m_PrefabInstance: {fileID: 3762443844956375613}
  m_PrefabAsset: {fileID: 0}
--- !u!1001 &5008894752076650085
PrefabInstance:
  m_ObjectHideFlags: 0
  serializedVersion: 2
  m_Modification:
    m_TransformParent: {fileID: 508250469282118116}
    m_Modifications:
    - target: {fileID: 1813971366617241305, guid: 75f2ab33f87dde3458f41f53715a7d35,
        type: 3}
      propertyPath: m_Name
      value: suelo 2 (6)
      objectReference: {fileID: 0}
    - target: {fileID: 4892126402919833597, guid: 75f2ab33f87dde3458f41f53715a7d35,
        type: 3}
      propertyPath: m_RootOrder
      value: 14
      objectReference: {fileID: 0}
    - target: {fileID: 4892126402919833597, guid: 75f2ab33f87dde3458f41f53715a7d35,
        type: 3}
      propertyPath: m_LocalPosition.x
      value: 1.47
      objectReference: {fileID: 0}
    - target: {fileID: 4892126402919833597, guid: 75f2ab33f87dde3458f41f53715a7d35,
        type: 3}
      propertyPath: m_LocalPosition.y
      value: -4.63
      objectReference: {fileID: 0}
    - target: {fileID: 4892126402919833597, guid: 75f2ab33f87dde3458f41f53715a7d35,
        type: 3}
      propertyPath: m_LocalPosition.z
      value: 2.81
      objectReference: {fileID: 0}
    - target: {fileID: 4892126402919833597, guid: 75f2ab33f87dde3458f41f53715a7d35,
        type: 3}
      propertyPath: m_LocalRotation.w
      value: 1
      objectReference: {fileID: 0}
    - target: {fileID: 4892126402919833597, guid: 75f2ab33f87dde3458f41f53715a7d35,
        type: 3}
      propertyPath: m_LocalRotation.x
      value: -0
      objectReference: {fileID: 0}
    - target: {fileID: 4892126402919833597, guid: 75f2ab33f87dde3458f41f53715a7d35,
        type: 3}
      propertyPath: m_LocalRotation.y
      value: -0
      objectReference: {fileID: 0}
    - target: {fileID: 4892126402919833597, guid: 75f2ab33f87dde3458f41f53715a7d35,
        type: 3}
      propertyPath: m_LocalRotation.z
      value: -0
      objectReference: {fileID: 0}
    - target: {fileID: 4892126402919833597, guid: 75f2ab33f87dde3458f41f53715a7d35,
        type: 3}
      propertyPath: m_LocalEulerAnglesHint.x
      value: 0
      objectReference: {fileID: 0}
    - target: {fileID: 4892126402919833597, guid: 75f2ab33f87dde3458f41f53715a7d35,
        type: 3}
      propertyPath: m_LocalEulerAnglesHint.y
      value: 0
      objectReference: {fileID: 0}
    - target: {fileID: 4892126402919833597, guid: 75f2ab33f87dde3458f41f53715a7d35,
        type: 3}
      propertyPath: m_LocalEulerAnglesHint.z
      value: 0
      objectReference: {fileID: 0}
    m_RemovedComponents: []
  m_SourcePrefab: {fileID: 100100000, guid: 75f2ab33f87dde3458f41f53715a7d35, type: 3}
--- !u!4 &461469660764719512 stripped
Transform:
  m_CorrespondingSourceObject: {fileID: 4892126402919833597, guid: 75f2ab33f87dde3458f41f53715a7d35,
    type: 3}
  m_PrefabInstance: {fileID: 5008894752076650085}
  m_PrefabAsset: {fileID: 0}
--- !u!1001 &5144542683877994932
PrefabInstance:
  m_ObjectHideFlags: 0
  serializedVersion: 2
  m_Modification:
    m_TransformParent: {fileID: 508250469282118116}
    m_Modifications:
    - target: {fileID: 1813971366617241305, guid: 75f2ab33f87dde3458f41f53715a7d35,
        type: 3}
      propertyPath: m_Name
      value: suelo 2 (4)
      objectReference: {fileID: 0}
    - target: {fileID: 4892126402919833597, guid: 75f2ab33f87dde3458f41f53715a7d35,
        type: 3}
      propertyPath: m_RootOrder
      value: 10
      objectReference: {fileID: 0}
    - target: {fileID: 4892126402919833597, guid: 75f2ab33f87dde3458f41f53715a7d35,
        type: 3}
      propertyPath: m_LocalPosition.x
      value: -8.97
      objectReference: {fileID: 0}
    - target: {fileID: 4892126402919833597, guid: 75f2ab33f87dde3458f41f53715a7d35,
        type: 3}
      propertyPath: m_LocalPosition.y
      value: -4.78
      objectReference: {fileID: 0}
    - target: {fileID: 4892126402919833597, guid: 75f2ab33f87dde3458f41f53715a7d35,
        type: 3}
      propertyPath: m_LocalPosition.z
      value: 2.81
      objectReference: {fileID: 0}
    - target: {fileID: 4892126402919833597, guid: 75f2ab33f87dde3458f41f53715a7d35,
        type: 3}
      propertyPath: m_LocalRotation.w
      value: 1
      objectReference: {fileID: 0}
    - target: {fileID: 4892126402919833597, guid: 75f2ab33f87dde3458f41f53715a7d35,
        type: 3}
      propertyPath: m_LocalRotation.x
      value: -0
      objectReference: {fileID: 0}
    - target: {fileID: 4892126402919833597, guid: 75f2ab33f87dde3458f41f53715a7d35,
        type: 3}
      propertyPath: m_LocalRotation.y
      value: -0
      objectReference: {fileID: 0}
    - target: {fileID: 4892126402919833597, guid: 75f2ab33f87dde3458f41f53715a7d35,
        type: 3}
      propertyPath: m_LocalRotation.z
      value: -0
      objectReference: {fileID: 0}
    - target: {fileID: 4892126402919833597, guid: 75f2ab33f87dde3458f41f53715a7d35,
        type: 3}
      propertyPath: m_LocalEulerAnglesHint.x
      value: 0
      objectReference: {fileID: 0}
    - target: {fileID: 4892126402919833597, guid: 75f2ab33f87dde3458f41f53715a7d35,
        type: 3}
      propertyPath: m_LocalEulerAnglesHint.y
      value: 0
      objectReference: {fileID: 0}
    - target: {fileID: 4892126402919833597, guid: 75f2ab33f87dde3458f41f53715a7d35,
        type: 3}
      propertyPath: m_LocalEulerAnglesHint.z
      value: 0
      objectReference: {fileID: 0}
    m_RemovedComponents: []
  m_SourcePrefab: {fileID: 100100000, guid: 75f2ab33f87dde3458f41f53715a7d35, type: 3}
--- !u!4 &324616906872548937 stripped
Transform:
  m_CorrespondingSourceObject: {fileID: 4892126402919833597, guid: 75f2ab33f87dde3458f41f53715a7d35,
    type: 3}
  m_PrefabInstance: {fileID: 5144542683877994932}
  m_PrefabAsset: {fileID: 0}
--- !u!1001 &6524995394723457326
PrefabInstance:
  m_ObjectHideFlags: 0
  serializedVersion: 2
  m_Modification:
    m_TransformParent: {fileID: 508250469282118116}
    m_Modifications:
    - target: {fileID: 7827814685311632944, guid: a49e096849ea11a428e33f8d30317eff,
        type: 3}
      propertyPath: m_RootOrder
      value: 32
      objectReference: {fileID: 0}
    - target: {fileID: 7827814685311632944, guid: a49e096849ea11a428e33f8d30317eff,
        type: 3}
      propertyPath: m_LocalPosition.x
      value: 11.46
      objectReference: {fileID: 0}
    - target: {fileID: 7827814685311632944, guid: a49e096849ea11a428e33f8d30317eff,
        type: 3}
      propertyPath: m_LocalPosition.y
      value: -6.24
      objectReference: {fileID: 0}
    - target: {fileID: 7827814685311632944, guid: a49e096849ea11a428e33f8d30317eff,
        type: 3}
      propertyPath: m_LocalPosition.z
      value: 6.55
      objectReference: {fileID: 0}
    - target: {fileID: 7827814685311632944, guid: a49e096849ea11a428e33f8d30317eff,
        type: 3}
      propertyPath: m_LocalRotation.w
      value: 1
      objectReference: {fileID: 0}
    - target: {fileID: 7827814685311632944, guid: a49e096849ea11a428e33f8d30317eff,
        type: 3}
      propertyPath: m_LocalRotation.x
      value: -0
      objectReference: {fileID: 0}
    - target: {fileID: 7827814685311632944, guid: a49e096849ea11a428e33f8d30317eff,
        type: 3}
      propertyPath: m_LocalRotation.y
      value: -0
      objectReference: {fileID: 0}
    - target: {fileID: 7827814685311632944, guid: a49e096849ea11a428e33f8d30317eff,
        type: 3}
      propertyPath: m_LocalRotation.z
      value: -0
      objectReference: {fileID: 0}
    - target: {fileID: 7827814685311632944, guid: a49e096849ea11a428e33f8d30317eff,
        type: 3}
      propertyPath: m_LocalEulerAnglesHint.x
      value: 0
      objectReference: {fileID: 0}
    - target: {fileID: 7827814685311632944, guid: a49e096849ea11a428e33f8d30317eff,
        type: 3}
      propertyPath: m_LocalEulerAnglesHint.y
      value: 0
      objectReference: {fileID: 0}
    - target: {fileID: 7827814685311632944, guid: a49e096849ea11a428e33f8d30317eff,
        type: 3}
      propertyPath: m_LocalEulerAnglesHint.z
      value: 0
      objectReference: {fileID: 0}
    - target: {fileID: 7827814685311632949, guid: a49e096849ea11a428e33f8d30317eff,
        type: 3}
      propertyPath: m_Name
      value: pezrosa (1)
      objectReference: {fileID: 0}
    - target: {fileID: 8348794252831018911, guid: a49e096849ea11a428e33f8d30317eff,
        type: 3}
      propertyPath: wayPoints.Array.size
      value: 2
      objectReference: {fileID: 0}
    - target: {fileID: 8348794252831018911, guid: a49e096849ea11a428e33f8d30317eff,
        type: 3}
      propertyPath: wayPoints.Array.data[0]
      value: 
      objectReference: {fileID: 6151219477379932636}
    - target: {fileID: 8348794252831018911, guid: a49e096849ea11a428e33f8d30317eff,
        type: 3}
      propertyPath: wayPoints.Array.data[1]
      value: 
      objectReference: {fileID: 4608712930761286798}
    - target: {fileID: 8348794252831018911, guid: a49e096849ea11a428e33f8d30317eff,
        type: 3}
      propertyPath: wayPoints.Array.data[2]
      value: 
      objectReference: {fileID: 1560276684176208965}
    m_RemovedComponents: []
  m_SourcePrefab: {fileID: 100100000, guid: a49e096849ea11a428e33f8d30317eff, type: 3}
--- !u!4 &3903648109822684958 stripped
Transform:
  m_CorrespondingSourceObject: {fileID: 7827814685311632944, guid: a49e096849ea11a428e33f8d30317eff,
    type: 3}
  m_PrefabInstance: {fileID: 6524995394723457326}
  m_PrefabAsset: {fileID: 0}
--- !u!1001 &9080620228237117455
PrefabInstance:
  m_ObjectHideFlags: 0
  serializedVersion: 2
  m_Modification:
    m_TransformParent: {fileID: 508250469282118116}
    m_Modifications:
    - target: {fileID: 6667233092104323633, guid: 007f9546fe3f3eb4da36d7545dd17468,
        type: 3}
      propertyPath: m_Name
      value: agua (2)
      objectReference: {fileID: 0}
    - target: {fileID: 6667233092104323636, guid: 007f9546fe3f3eb4da36d7545dd17468,
        type: 3}
      propertyPath: m_RootOrder
      value: 13
      objectReference: {fileID: 0}
    - target: {fileID: 6667233092104323636, guid: 007f9546fe3f3eb4da36d7545dd17468,
        type: 3}
      propertyPath: m_LocalPosition.x
      value: 7.76
      objectReference: {fileID: 0}
    - target: {fileID: 6667233092104323636, guid: 007f9546fe3f3eb4da36d7545dd17468,
        type: 3}
      propertyPath: m_LocalPosition.y
      value: -6.12
      objectReference: {fileID: 0}
    - target: {fileID: 6667233092104323636, guid: 007f9546fe3f3eb4da36d7545dd17468,
        type: 3}
      propertyPath: m_LocalPosition.z
      value: 6.7200003
      objectReference: {fileID: 0}
    - target: {fileID: 6667233092104323636, guid: 007f9546fe3f3eb4da36d7545dd17468,
        type: 3}
      propertyPath: m_LocalRotation.w
      value: 0.7071068
      objectReference: {fileID: 0}
    - target: {fileID: 6667233092104323636, guid: 007f9546fe3f3eb4da36d7545dd17468,
        type: 3}
      propertyPath: m_LocalRotation.x
      value: 0
      objectReference: {fileID: 0}
    - target: {fileID: 6667233092104323636, guid: 007f9546fe3f3eb4da36d7545dd17468,
        type: 3}
      propertyPath: m_LocalRotation.y
      value: 0
      objectReference: {fileID: 0}
    - target: {fileID: 6667233092104323636, guid: 007f9546fe3f3eb4da36d7545dd17468,
        type: 3}
      propertyPath: m_LocalRotation.z
      value: -0.7071068
      objectReference: {fileID: 0}
    - target: {fileID: 6667233092104323636, guid: 007f9546fe3f3eb4da36d7545dd17468,
        type: 3}
      propertyPath: m_LocalEulerAnglesHint.x
      value: 0
      objectReference: {fileID: 0}
    - target: {fileID: 6667233092104323636, guid: 007f9546fe3f3eb4da36d7545dd17468,
        type: 3}
      propertyPath: m_LocalEulerAnglesHint.y
      value: 0
      objectReference: {fileID: 0}
    - target: {fileID: 6667233092104323636, guid: 007f9546fe3f3eb4da36d7545dd17468,
        type: 3}
      propertyPath: m_LocalEulerAnglesHint.z
      value: -90
      objectReference: {fileID: 0}
    m_RemovedComponents: []
  m_SourcePrefab: {fileID: 100100000, guid: 007f9546fe3f3eb4da36d7545dd17468, type: 3}
--- !u!4 &2486570632009435707 stripped
Transform:
  m_CorrespondingSourceObject: {fileID: 6667233092104323636, guid: 007f9546fe3f3eb4da36d7545dd17468,
    type: 3}
  m_PrefabInstance: {fileID: 9080620228237117455}
  m_PrefabAsset: {fileID: 0}
